3388 5302
1302 394 1361 458 151

170 577 296 643 cultatis
319 576 395 642 inibi
420 577 549 643 relictis.
581 579 666 643 Acta
689 590 764 645 sunt
787 580 848 645 hec
870 582 903 645 in
926 591 958 647 et
980 584 1069 647 circa
1091 581 1203 648 valvas
1226 583 1363 650 ecclesie

168 683 370 747 Patavicnsis
389 682 536 768 predicte
554 683 758 769 presentibus
774 684 896 750 ibidem
911 686 1153 752 honorabilibus
1170 695 1202 753 et
1217 688 1363 755 discretis

168 789 255 870 viris,
269 786 405 852 dominis
413 786 563 852 Erhardo
576 787 726 855 Schewtz
738 789 818 855 alias
829 789 901 855 Leb
913 792 1044 877 vicario,
1058 791 1199 878 Georgio
1211 792 1363 878 Rawber,

168 891 313 957 Iohanne
340 893 473 977 Perger,
504 891 664 958 obleiuriis
692 893 781 959 chori
813 893 949 960 ecclesie
976 896 1189 980 Pataviensis,
1218 897 1363 964 Iohanne

167 996 352 1082 Missingcr
374 1006 406 1062 et
420 995 566 1063 Iohanne
579 999 726 1064 Prenner
748 999 947 1086 presbyteris
963 1009 996 1065 et
1011 1000 1136 1066 clericis
1150 1002 1362 1087 Pataviensis,

167 1103 410 1189 Ratisponensis
426 1111 459 1167 et
470 1102 687 1189 Frisingensis
703 1102 841 1169 diocesis
853 1103 986 1170 testibus
999 1107 1032 1170 in
1044 1109 1216 1191 premissis.
1233 1107 1363 1174 Deinde

167 1229 245 1272 vero
268 1229 354 1272 anno
377 1206 552 1273 indictione
575 1230 686 1273 mense
710 1217 742 1273 et
763 1210 951 1294 pontificatu
968 1208 1084 1294 quibus
1100 1231 1200 1297 snpra
1216 1211 1268 1276 die
1283 1235 1363 1277 vero

167 1311 296 1377 sabbati
317 1313 472 1378 vicesima
494 1314 606 1397 quinta
628 1314 748 1379 mensis
763 1316 876 1379 marcii
894 1313 994 1398 (1480
1011 1315 1107 1381 Miirr
1120 1316 1179 1400 25)
1194 1319 1362 1401 prenotati,

167 1438 230 1503 que
253 1415 315 1482 fuit
337 1415 405 1481 dies
427 1418 676 1482 annuntiationis
699 1417 837 1503 gloriose
857 1427 890 1483 et
904 1420 1093 1484 intemerate
1109 1421 1242 1505 virginis
1257 1420 1362 1487 Marie

167 1544 227 1606 ego
241 1522 398 1587 Erasmus
412 1522 534 1588 Wurer
557 1524 700 1586 notarius
723 1520 871 1608 publicus
894 1545 992 1608 supra
1014 1532 1046 1588 et
1068 1523 1292 1611 infrascriptos
1307 1547 1360 1590 no·

166 1629 252 1692 mine
274 1625 400 1713 prefato
422 1628 666 1714 retroscriptum
689 1626 918 1713 appellaeionis
934 1625 1100 1712 publicum
1114 1630 1360 1695 instrumentum

166 1735 273 1798 animo
296 1741 328 1797 et
349 1733 531 1797 intencione
553 1731 722 1796 intimandi
741 1743 839 1818 atque
854 1731 897 1797 ad
913 1733 1112 1816 singulorum
1126 1735 1276 1799 noticiam
1291 1757 1361 1821 pre·

166 1840 359 1925 scriptorum
389 1836 585 1921 deducendi,
612 1835 795 1901 melioribus
821 1836 917 1902 modo
944 1847 977 1901 et
997 1837 1110 1920 forma,
1134 1838 1250 1925 quibus
1272 1841 1362 1924 potui

167 1953 198 2009 et
220 1941 321 2008 debui
345 1941 447 2007 valvis
471 1965 529 2007 seu
552 1945 649 2028 portis
673 1942 810 2007 ecclesie
833 1941 1078 2028 metropolitane
1094 1942 1361 2029 Salczburgensis

166 2047 295 2134 publice
318 2048 410 2112 affixi
432 2047 575 2133 inibique
599 2046 659 2112 sub
683 2046 811 2133 publico
835 2047 941 2112 officio
965 2057 996 2112 et
1010 2046 1080 2111 aliis
1097 2047 1182 2112 horis
1199 2049 1361 2113 canonicis

166 2153 302 2217 affixum
329 2162 414 2217 stare
437 2153 577 2239 permisi,
600 2153 709 2238 itaque
732 2154 853 2237 pariter
874 2175 894 2216 a
916 2151 1177 2238 pretereuntibus
1200 2151 1305 2217 videri
1329 2161 1361 2218 et

166 2258 229 2343 legi
259 2265 394 2343 poterat.
439 2258 553 2322 Finitis
582 2261 691 2343 itaque
723 2256 840 2321 divinis
868 2256 983 2321 officiis
1005 2259 1110 2341 ipsum
1132 2256 1361 2344 appellacionis

166 2361 332 2449 publicum
361 2363 608 2426 instrumentum
641 2359 682 2425 de
711 2359 864 2446 predictis
896 2361 1000 2426 valvis
1030 2360 1165 2446 deposui
1188 2364 1360 2448 copiasque

167 2467 385 2532 collationatas
410 2476 442 2532 et
465 2464 572 2531 debito
594 2487 654 2551 per
670 2487 721 2530 me
737 2464 933 2531 anscultatas
948 2464 1071 2531 ibidem
1085 2465 1200 2552 reliqui
1215 2468 1248 2530 in
1263 2469 1359 2530 maio

166 2594 235 2637 rem
251 2571 430 2637 efficaciam
442 2570 624 2636 huiusmodi
636 2572 865 2635 insinnacionis
882 2581 914 2634 et
925 2568 1159 2656 publicationis,
1177 2573 1360 2655 quaomnia

167 2687 198 2741 et
226 2676 354 2762 singula
381 2675 511 2762 publice
534 2698 643 2741 coram
666 2675 801 2740 testibus
825 2697 924 2762 supra
947 2684 979 2740 et
1001 2675 1085 2739 infra
1107 2676 1266 2740 annotatis
1289 2697 1359 2762 pro

166 2791 300 2847 testatus
322 2781 377 2865 fui,
401 2803 500 2867 super
522 2780 638 2867 quibus
661 2779 808 2845 omnibus
824 2790 857 2844 et
871 2779 1004 2866 singulis
1019 2779 1197 2865 prelibatus
1212 2779 1360 2845 dominus

166 2886 357 2951 Valentinus
381 2885 525 2950 decanus
546 2894 612 2951 tam
634 2907 693 2972 pro
717 2907 761 2968 se,
786 2907 884 2971 qnam
904 2887 1000 2949 enam
1016 2886 1143 2950 nomine
1159 2885 1284 2970 prefato
1299 2884 1361 2950 sibi

166 3014 260 3056 ame
283 2993 406 3055 notario
428 2990 558 3076 publico
581 2990 784 3076 infrascripto
808 3011 907 3054 unum
930 2989 982 3054 vel
1004 2990 1098 3075 plura
1121 2989 1287 3076 publicum
1302 3011 1361 3055 eeu

166 3095 297 3182 publica
320 3094 389 3159 fieri
413 3103 446 3159 et
468 3093 583 3159 confici
605 3095 704 3180 peciit
718 3095 966 3158 instrumentum
982 3103 1014 3158 et
1029 3095 1250 3159 instrumenta.
1274 3093 1360 3159 Acta

166 3209 240 3265 sunt
255 3198 317 3264 hec
333 3202 365 3264 in
382 3208 414 3265 et
430 3200 518 3264 circa
531 3198 645 3264 valvas
661 3197 797 3263 ecclesie
813 3197 1076 3284 metropolitanae
1093 3198 1360 3283 Salczburgensis

165 3305 224 3371 snb
256 3327 342 3370 anno
373 3303 545 3370 indictione
577 3302 693 3369 diebus
717 3325 837 3388 mense,
861 3304 1051 3390 pontificatu
1074 3313 1106 3368 et
1127 3304 1216 3388 locis,
1241 3302 1359 3390 quibus

166 3433 264 3496 supra
293 3409 498 3496 presentibus
526 3408 649 3475 ibidem
670 3408 921 3494 venerabilibus,
944 3411 1083 3496 egregiis
1106 3431 1146 3473 ac
1168 3407 1359 3473 honorabili·

165 3516 225 3581 bus
249 3516 337 3600 viris,
361 3515 496 3580 dominis
511 3514 728 3580 Burokbardo
751 3516 872 3579 arcium
897 3523 929 3579 et
951 3513 1112 3578 medicine
1133 3512 1272 3578 doctoris
1286 3534 1360 3578 nec·

165 3644 228 3687 non
259 3619 519 3686 reverendissimi
549 3622 581 3685 in
605 3619 733 3686 Christo
761 3621 861 3704 patris
892 3628 924 3683 et
954 3618 1075 3683 domini
1102 3620 1210 3700 nostri,
1240 3616 1360 3682 domini

163 3725 324 3792 Bernardi
338 3735 449 3789 sancte
462 3725 728 3811 Salczbnrgensis
743 3723 880 3789 ecclesie
896 3724 1131 3810 archiepiscopi
1142 3732 1174 3787 et
1185 3721 1359 3809 apostolice

164 3831 248 3897 sedis
278 3829 379 3916 legati
405 3829 537 3915 phisico,
561 3828 704 3894 Iohanne
729 3828 839 3913 Hasel,
869 3830 902 3893 in
935 3827 1073 3893 decretis
1102 3827 1280 3910 licenciato,
1310 3826 1358 3892 Io·

163 3935 270 4000 henne
295 3934 429 4017 Suartz,
461 3933 605 3999 Iohanne
627 3935 778 4017 Reicher,
810 3932 975 4018 capellano
1003 3932 1128 4020 capelle
1156 3932 1276 3998 domini
1298 3931 1359 3997 Pil-

163 4042 256 4125 grimi
288 4041 321 4103 in
352 4037 491 4103 ecclesia
521 4039 646 4125 prefata
676 4041 801 4123 situata,
833 4037 965 4103 Matheo
989 4038 1175 4122 Vetringer,
1204 4039 1358 4103 canonico

164 4145 302 4211 ecclesie
333 4142 428 4209 beate
450 4143 554 4208 Mario
582 4144 716 4227 virginis
743 4145 776 4207 in
798 4141 1030 4226 Nidernburg¹
1053 4143 1256 4208 Pataviensis
1284 4143 1358 4206 civi·

163 4252 246 4335 tatis,
272 4257 305 4314 et
327 4248 481 4314 Heinrico
503 4246 742 4332 Phaffenhofer,
766 4250 897 4313 notariis
919 4247 1066 4333 publicis,
1090 4248 1225 4313 testibus
1252 4245 1358 4313 Salon-

164 4420 280 4426 ——--⁷
302 4418 371 4425 -μα

164 4511 244 4567 1934.
268 4511 277 4544 ¹
296 4514 353 4563 Das
376 4512 478 4579 dortige
496 4511 713 4563 Nonnenlrloster
731 4510 822 4561 wurde
841 4512 891 4561 738
910 4511 977 4562 Nov.
992 4514 1005 4559 1
1025 4510 1065 4561 als
1083 4510 1204 4576 Stiftung
1221 4509 1296 4560 eines
1313 4524 1358 4575 ge·

163 4605 257 4654 nissen
277 4600 417 4652 Kotcfried
439 4599 496 4650 und
517 4599 613 4650 descen
632 4599 724 4650 Gattin
744 4598 873 4664 Kepahilt
895 4614 947 4648 von
967 4598 1178 4648 BischofVivilo
1196 4598 1359 4661 eingeweiht

163 4688 295 4755 (Schredl,
314 4688 442 4738 Passavia
459 4701 543 4748 sacra,
560 4686 586 4738 S.
600 4683 654 4754 46).
