3388 5302
1313 364 1374 427 115

176 551 360 616 Romanum
392 553 562 636 imperinm
586 560 619 615 et
639 550 777 617 ubilibet
799 562 958 619 terrarum
982 556 1091 619 facere
1116 554 1322 620 conscribere
1345 566 1377 620 et

176 654 346 741 publicare
379 665 562 720 contractus
591 657 804 721 instrumenta
829 656 952 723 iudicia
979 668 1172 724 testamenta
1195 668 1228 723 et
1248 658 1375 724 ultimas

176 758 359 824 voluntates
382 758 514 824 decreta
536 768 569 825 et
591 761 798 825 auctoritates
822 763 1037 849 interponere,
1060 764 1093 826 in
1116 762 1375 851 quibuscumque

175 864 396 930 contractibus
419 863 658 951 requirentibus
680 864 734 930 illa
756 864 809 930 vel
831 865 901 931 illas
925 876 957 931 et
980 869 1086 932 omnia
1110 877 1142 933 et
1163 868 1291 952 singula
1312 868 1375 933 alia

176 969 288 1034 facere
316 968 484 1055 publicare
514 979 548 1034 et
577 990 744 1053 exercere,
775 992 838 1055 que
869 970 912 1034 ad
943 972 1093 1036 effectum
1117 970 1240 1057 publici
1262 975 1376 1038 notarii

176 1095 235 1139 seu
265 1072 447 1138 tabellionis
478 1082 511 1138 et
540 1073 655 1138 iudicis
686 1073 839 1139 ordinarii
869 1077 1032 1160 pertinere
1062 1086 1094 1141 et
1125 1085 1274 1162 spectare
1305 1092 1376 1142 nos·

176 1186 304 1243 cuntur.
335 1178 418 1243 Item
442 1177 557 1243 eadem
580 1179 770 1243 auctoritate
793 1177 851 1242 tibi
875 1178 1082 1245 concedimus
1106 1190 1137 1245 et
1159 1179 1374 1267 indulgemus,

176 1281 265 1368 quod
294 1283 398 1368 possis
421 1290 454 1347 et
474 1281 585 1348 valeas
607 1281 771 1348 naturales
794 1282 963 1349 bastardos
986 1287 1112 1371 spurios
1134 1308 1300 1351 manseres
1322 1308 1376 1351 no·

174 1387 248 1452 thos
270 1389 469 1453 incestuosos
491 1387 673 1473 copulative
695 1387 748 1453 vel
772 1387 962 1454 disiunctive
979 1400 1011 1454 et
1025 1412 1245 1477 quoscumque
1262 1415 1305 1456 ex
1320 1390 1375 1455 illi·

175 1494 239 1558 cito
263 1503 296 1558 et
317 1492 490 1578 dampnato
512 1502 610 1578 coytu
626 1502 810 1578 procreatos
827 1496 1009 1580 principum
1025 1492 1194 1560 illustrium
1212 1498 1375 1561 comitum·

175 1619 241 1684 que
274 1596 347 1662 filiis
379 1596 599 1663 tantummodo
631 1600 777 1683 exeeptis
808 1597 993 1663 viventibus
1025 1597 1077 1663 vel
1111 1600 1214 1664 eciam
1242 1603 1375 1665 mortuis

176 1725 293 1768 eorum
307 1701 497 1790 parentibus
512 1702 703 1787 legittimare
720 1713 752 1768 et
768 1725 821 1768 eos
837 1702 880 1768 ad
896 1707 1002 1768 omnia
1017 1714 1050 1768 et
1065 1704 1191 1790 singula
1214 1706 1284 1770 iura
1306 1727 1376 1770 sue·

181 1829 345 1873 cessorem
367 1817 575 1894 paternorum
598 1817 631 1872 et
652 1816 871 1872 maternarum
894 1806 1110 1873 hereditatum
1133 1820 1198 1874 tam
1221 1832 1281 1896 per
1296 1810 1375 1876 alios

175 1913 340 1977 editarum
371 1935 469 1999 quam
498 1933 562 1977 non
592 1911 753 1976 aditarum
784 1914 887 1977 eciam
917 1911 959 1977 ab
989 1914 1141 1978 intestato
1165 1924 1375 1999 cognatorum

174 2027 208 2081 et
231 2026 422 2102 agnatorum
444 2016 582 2082 honores
605 2015 777 2100 dignitates
800 2015 897 2081 etad
921 2017 1063 2102 singulos
1087 2028 1178 2082 aetus
1201 2018 1373 2104 legittimos

175 2145 215 2187 ac
239 2124 267 2186 si
290 2131 398 2186 essent
421 2120 461 2186 de
483 2120 638 2207 legittimo
661 2122 752 2187 thoro
772 2124 943 2208 procreati,
966 2122 1175 2207 restituendo,
1200 2122 1374 2189 dummodo

175 2238 243 2292 tam
271 2226 537 2312 legittimaoiones
563 2225 747 2291 huiusmodi
768 2249 827 2313 per
850 2236 881 2292 te
904 2226 1013 2291 fienda
1036 2237 1071 2292 ut
1093 2230 1287 2314 premittitur
1309 2250 1374 2293 non

174 2330 380 2418 preiudicent
407 2330 481 2396 filiis
511 2339 544 2395 et
573 2330 749 2396 heredibus
778 2331 952 2417 legitimis,
978 2334 1056 2418 quin
1078 2334 1140 2417 ipsi
1163 2331 1375 2418 legittimandi

176 2458 252 2500 cum
283 2434 445 2520 legittimis
477 2436 567 2521 equis
598 2435 803 2521 porcionibus
834 2438 899 2501 suis
929 2435 1107 2501 succedant
1128 2436 1319 2523 parentibus
1342 2446 1375 2502 et

176 2541 305 2624 agnatis
336 2538 570 2604 nonobstante
594 2542 627 2603 in
650 2542 815 2626 premissis
838 2540 998 2627 aliquibus
1020 2539 1159 2626 legibus,
1183 2541 1300 2627 quibus
1323 2563 1373 2606 ea·

173 2654 280 2729 vetur,
304 2643 391 2731 quod
413 2644 537 2709 natales
560 2644 705 2710 bastardi
727 2647 826 2731 spurii
848 2648 1020 2711 incestuosi
1044 2644 1226 2731 copulative
1242 2645 1296 2710 vel
1312 2645 1372 2711 dis·

174 2752 318 2815 iunctive
350 2748 403 2813 vel
433 2748 486 2814 alii
516 2751 712 2836 quicumque
740 2749 781 2815 de
803 2749 911 2815 illicito
935 2752 1021 2815 coitu
1043 2753 1204 2835 procreati
1225 2750 1279 2815 vel
1301 2773 1373 2837 pro·

174 2853 309 2920 creandi
339 2876 404 2919 non
434 2856 558 2939 possint
587 2853 641 2918 vel
672 2853 814 2919 debeant
842 2855 1025 2940 legittimari
1056 2856 1125 2920 sine
1154 2876 1313 2920 consensu
1340 2865 1373 2921 et

174 2959 340 3025 voluntate
369 2957 508 3023 filiorum
537 2958 774 3044 legitimorum,
805 2957 922 3045 quibus
951 2958 1079 3043 legibus
1110 2967 1143 3023 et
1174 2982 1285 3024 earum
1309 2961 1371 3024 eui·

173 3062 262 3147 libet,
297 3064 330 3127 in
363 3071 520 3149 quantum
553 3062 629 3127 huic
663 3072 769 3127 nostre
805 3064 1003 3127 concessioni
1038 3064 1170 3127 obviare
1208 3062 1370 3144 videntur,

174 3168 316 3233 sciencia
338 3176 426 3232 motu
450 3175 482 3231 et
504 3168 694 3232 auctoritate
717 3165 910 3252 supradictis
933 3166 1040 3253 quoad
1060 3167 1131 3250 hoc,
1155 3178 1190 3231 ut
1204 3176 1371 3253 presentes

172 3281 284 3337 nostre
312 3270 417 3336 littere
447 3270 592 3336 debitum
623 3292 716 3336 suum
739 3274 912 3336 sortiantur
934 3272 1097 3351 effectum,
1122 3270 1316 3356 derogamus
1339 3280 1371 3336 et

174 3376 367 3461 derogatum
389 3397 461 3440 esse
483 3374 631 3440 volumus
654 3398 714 3462 per
736 3385 912 3461 presentes.
955 3374 1043 3439 Nulli
1066 3398 1142 3460 ergo
1166 3377 1293 3440 omnino
1316 3374 1369 3440 ho·

172 3484 298 3546 minum
327 3479 424 3545 liceat
452 3479 537 3545 hanc
559 3491 668 3544 nostre
691 3482 906 3546 concessionis
929 3479 1043 3544 indulti
1067 3481 1176 3544 statuti
1198 3480 1370 3545 voluntatis

174 3594 206 3651 et
229 3584 353 3650 decreti
375 3586 527 3670 paginam
550 3584 726 3670 infringere
749 3585 803 3650 vel
826 3586 854 3649 ei
878 3587 992 3670 quovis
1014 3606 1096 3649 ausu
1111 3587 1281 3649 temerario
1298 3605 1369 3649 con·

171 3692 282 3755 traire.
325 3687 359 3755 Si
389 3690 459 3775 quis
486 3697 595 3753 autem
619 3688 679 3753 hoc
702 3698 896 3774 attemptare
918 3690 1153 3775 presumpserit
1173 3687 1370 3774 indignacio-

173 3816 248 3858 nem
276 3802 418 3858 nostram
441 3794 664 3878 gravissimam
688 3802 720 3857 et
743 3796 976 3880 quinquaginta
999 3815 1181 3858 marcarum
1204 3794 1274 3858 auri
1296 3794 1370 3878 puri

173 3920 287 3985 penas,
334 3920 414 3984 quas
457 3896 723 3961 contrafacientes
764 3900 896 3981 tociens,
942 3900 1097 3984 quociens
1135 3897 1369 3963 contrafactum

171 4003 279 4085 fuerit,
302 4004 371 4088 ipso
393 4004 479 4067 facto
503 4024 537 4066 se
559 4005 709 4067 noverint
730 4002 990 4067 irremissibiliter
1012 4003 1207 4088 incursuros,
1232 4024 1370 4089 quarum

171 4106 379 4172 medietatem
408 4105 581 4192 imperialis
612 4106 683 4170 fisci
714 4109 781 4171 sive
814 4110 918 4190 erarii,
951 4105 1114 4171 residuam
1141 4128 1219 4172 vero
1242 4116 1368 4193 partem

170 4214 321 4278 iniuriam
350 4234 518 4298 passorum
547 4211 660 4277 usibus
691 4211 895 4278 decernimus
925 4211 1137 4299 applicandas
1170 4214 1368 4298 presentium

172 4317 232 4382 sub
271 4319 375 4382 nostri
407 4315 584 4401 imperialis
618 4319 794 4382 maiestatis
829 4316 923 4402 sigilli
957 4318 1155 4403 appensione
1189 4318 1368 4382 testimonio

171 4420 360 4487 litterarum.
406 4421 530 4486 Datum
560 4424 590 4485 in
625 4420 743 4507 oppido
773 4432 880 4488 nostro
903 4421 1047 4487 Krembs
1070 4421 1273 4486 Pataviensis
1304 4420 1367 4487 dio-

172 4528 253 4591 cesis
288 4526 443 4590 vicesima
475 4547 561 4590 nona
596 4525 647 4589 die
681 4528 799 4591 mensis
833 4527 900 4591 iulii
933 4548 1018 4591 anno
1052 4524 1172 4591 domini
1202 4524 1367 4590 millesimo

172 4629 489 4717 quadringentesimo
527 4633 763 4717 septuagesimo
796 4634 943 4718 septimo,
980 4651 1154 4715 regnorum
1185 4640 1366 4695 nostrorum

1175 4737 1210 4784 8*
