3388 5302
1299 428 1361 494 103

166 618 274 704 deum,
304 629 341 685 nt
370 641 429 685 sua
458 618 570 685 divina
600 620 778 685 clemencia
804 622 950 705 graciam
973 629 1005 686 ct
1027 620 1281 686 miscricordiam
1303 641 1362 706 pro

165 726 304 790 sanitate
327 724 421 790 nobis
444 723 644 789 restituenda
667 724 759 789 nobis
782 724 958 812 impendat.
989 725 1035 792 Ut
1056 736 1165 791 autem
1179 724 1363 790 huiusmodi

165 831 333 895 oraciones
367 828 549 894 efficiantur
583 828 783 894 efficaciores
818 828 1051 914 desideramus,
1085 839 1121 895 ut
1150 829 1291 895 officium
1321 828 1363 893 de

165 933 306 1019 gloriosa
336 936 461 1019 virgine
484 933 590 1000 Maria
614 944 646 999 et
668 936 810 1021 patronis
833 944 941 1000 nostre
965 936 1101 1001 ecclesie
1122 935 1223 1000 facias
1247 935 1363 1000 decan·

165 1041 238 1123 tari,
266 1048 303 1104 ut
325 1040 377 1104 isti
400 1038 442 1103 ad
465 1042 716 1125 omnipotentem
740 1038 837 1105 deum
859 1062 918 1126 pro
941 1039 1033 1105 nobis
1055 1038 1267 1106 intercedant.
1312 1039 1363 1104 In·

166 1165 266 1229 super
295 1159 328 1209 te
351 1143 570 1226 adhortamur,
594 1153 754 1230 quatenus
777 1166 851 1209 cum
873 1143 981 1230 aliquo
1004 1148 1078 1210 vino
1102 1144 1189 1210 claro
1212 1166 1364 1230 saporoso

166 1269 232 1313 non
262 1249 357 1313 nimis
386 1247 607 1314 substancioso
637 1247 819 1335 aliqualiter
850 1248 938 1314 dulci
970 1258 1002 1314 et
1024 1248 1111 1335 quod
1133 1270 1198 1314 non
1222 1270 1364 1314 corrum-

165 1361 263 1439 patur
293 1361 326 1417 et
354 1351 398 1416 ad
427 1362 526 1438 caput
554 1374 619 1419 non
649 1351 761 1437 firmet,
785 1352 877 1418 nobis
899 1351 965 1418 huc
986 1353 1068 1418 velis
1091 1352 1264 1437 destinare,
1289 1374 1364 1439 quo·

165 1458 254 1522 niam
287 1455 351 1521 tale
384 1457 438 1521 hic
471 1478 535 1522 non
569 1478 740 1542 possumus
769 1457 903 1542 habere,
934 1460 968 1523 in
997 1457 1049 1522 his
1080 1456 1229 1523 omnibus
1259 1455 1365 1522 taliter

165 1561 305 1646 agendo,
329 1560 604 1647 quemadmodum
626 1561 668 1627 de
690 1571 723 1626 te
745 1561 919 1648 plurimum
943 1560 1143 1628 confidimus.
1185 1562 1309 1627 Datum
1330 1562 1364 1624 in

166 1663 287 1751 oppido
309 1675 417 1731 nostro
432 1664 543 1732 Sancti
558 1665 708 1752 Ippoliti¹
731 1666 784 1730 die
806 1669 911 1752 prima
933 1669 1051 1732 mensis
1067 1667 1179 1733 marcii
1194 1688 1280 1732 anno
1301 1674 1363 1730 etc.

167 1769 343 1835 LXXVII.

212 2011 315 2082 1872.
872 2021 954 2080 1477
971 2022 1053 2079 diurn
1067 2023 1096 2088 7,
1112 2022 1319 2081 Wolsenrolth.

272 2204 364 2272 Joost
384 2205 522 2272 Ηενεεεν
550 2206 796 2290 benaohriohtiyt
817 2207 883 2273 Aot
905 2206 1069 2274 Laocoonta
1095 2208 1162 2290 auf
1182 2208 1252 2274 ἄενι
1274 2205 1364 2273 Gou-

166 2311 256 2394 weiq,
288 2311 364 2377 dass
391 2310 459 2377 acu
484 2310 542 2376 ἄεν
563 2309 684 2377 Καᾶεεν
710 2313 769 2376 mit
792 2311 862 2377 ἄενι
883 2332 944 2377 ooo
967 2311 1189 2397 Graffeaeykh,
1212 2332 1273 2378 voa
1295 2312 1364 2378 Pu·

166 2415 282 2496 chos'm,
304 2414 532 2496 Potteaadorff
548 2416 617 2481 εινᾶ
638 2415 779 2481 andeca
801 2436 905 2501 weyers
927 2416 1024 2482 ἄενενε
1046 2416 1274 2501 &cenomansi
1295 2438 1365 2482 oer-

164 2520 310 2606 εἶν’ἄιενιι
333 2519 413 2585 habe
433 2520 502 2585 uod
517 2520 599 2603 jerat
619 2541 679 2585 aar
694 2520 883 2605 Beaahiuoy
905 2522 1009 2587 seiner
1023 2520 1230 2604 Dieaatleute,
1253 2521 1366 2588 oense

166 2648 203 2692 εν
230 2626 289 2691 ἄεν
310 2622 430 2707 Krieye
458 2624 568 2690 Ιννᾶὁεν
596 2624 733 2690 indolui
762 2625 857 2706 hodie,
886 2626 974 2692 einer
1004 2626 1215 2692 bedeateudeu
1237 2625 1367 2692 Summe

168 2729 283 2797 θεῑᾶεε
313 2728 453 2811 ἄεᾶἄνίε,
482 2730 552 2794 aad
579 2728 723 2813 εενῑεννετ
752 2730 799 2794 im
827 2730 989 2813 Ανᾶἶναεε
1018 2731 1117 2797 auses
1147 2729 1257 2796 Ηενννν
1281 2730 1373 2812 Grof

167 2832 307 2918 Houoy,8
330 2833 384 2899 des
406 2833 546 2899 oberatos
567 2833 826 2916 Hosoptmomses,
854 2854 916 2899 oon
938 2835 1004 2900 ihm
1027 2836 1079 2901 die
1101 2834 1290 2920 Beaohiuoy
1312 2835 1367 2901 ἄεν

167 2960 230 3005 oon
244 2937 548 3021 Steueraosoiddoea
561 2937 630 3003 aad
644 2938 784 3004 ενᾶενενν
797 2939 1004 3006 Aaronom
1018 2939 1200 3025 achaidiyeo
1212 2940 1367 3019 commea

168 3044 273 3109 ἄανηᾶ
303 3043 406 3109 νεεᾶεν
434 3062 469 3107 εν
499 3042 599 3109 durch
627 3042 906 3127 Edaquuriierono
937 3044 993 3108 der
1023 3044 1180 3127 Hofleoie,
1210 3045 1289 3111 noch
1310 3044 1366 3109 ἄεν

169 3148 289 3214 uerso
321 3147 536 3229 Hooptmooa
567 3147 636 3212 νενιᾶ
668 3148 728 3214 ἄεν
759 3147 858 3213 Laod
891 3148 991 3214 durch
1024 3148 1077 3213 ἄνέ
1109 3148 1367 3215 Dienetmoaoen

169 3251 318 3320 Schodea
340 3251 452 3317 ῑείἄεν.

275 3355 415 3421 Dodona:
443 3354 561 3421 Gebcn
582 3357 626 3421 im
647 3354 736 3421 velld
758 3378 818 3423 vor
833 3355 1049 3422 Wollfenredt
1071 3380 1113 3422 an
1136 3366 1254 3443 suntag
1276 3360 1368 3423 remi·

169 3463 299 3527 niscere
320 3463 354 3525 in
377 3459 437 3526 der
458 3470 589 3526 vassten
612 3459 738 3547 (1477).

276 3654 361 3721 eopia
378 3656 407 3705 n
425 3653 525 3706 coen
542 3654 560 3708 f.
574 3656 616 3705 ea.
652 3655 780 3706 museo.

171 3900 252 3956 1871.
279 3899 346 3952 ¹nr.
367 3902 441 3952 1866.
478 3901 534 3952 Der
555 3900 673 3962 Bischof,
695 3900 811 3952 welcher
833 3916 867 3951 au
889 3901 941 3951 den
964 3900 1013 3951 auf
1033 3899 1085 3951 den
1109 3902 1134 3951 6.
1150 3901 1271 3953 Fcbruar
1289 3915 1369 3966 angs-

171 3995 276 4042 mutan
294 3988 486 4055 Berathungen
507 3987 577 4039 nach
601 3988 638 4040 St.
655 3988 750 4039 polan
771 3987 930 4054 gekommen
950 4004 1013 4050 war,
1030 3987 1099 4039 hielt
1115 3988 1173 4038 sich
1191 3987 1370 4039 wahrschein·

171 4077 227 4128 lich
246 4075 350 4142 infolgs
367 4075 455 4126 dieses
472 4073 588 4125 Leidens
607 4074 690 4125 durch
709 4074 820 4142 langere
838 4076 901 4126 Zsit
919 4075 1036 4126 daselbst
1054 4074 1103 4126 auf
1119 4073 1271 4143 (nr.1879).

172 4160 257 4219 1872.
280 4160 291 4193 ¹
308 4179 348 4213 nr.
364 4163 432 4214 1870
450 4177 476 4213 u.
489 4162 595 4215 Annal
615 4161 710 4213 ebeud.
734 4190 766 4199 -
788 4159 800 4192 ¹
819 4163 888 4216 Grai
904 4163 984 4229 Hngo
1002 4179 1028 4212 ν.
1041 4162 1234 4228 Werdenbsrg.
1258 4189 1290 4199 -
1308 4158 1320 4192 ⁸
1338 4161 1370 4212 In

173 4251 220 4303 der
249 4250 402 4316 Reehnung
427 4265 453 4299 v.
477 4250 543 4299 1477
571 4250 606 4299 ist
632 4248 680 4300 der
706 4251 805 4300 Posten
827 4250 1011 4301 vcrzcichnet:
1040 4249 1104 4300 Item
1120 4248 1197 4315 ser-io
1218 4252 1298 4300 tercia
1311 4255 1371 4315 post

173 4335 400 4404 quasimodom‘o'
422 4332 509 4403 (April
529 4332 573 4404 15)
596 4337 664 4387 1477
691 4337 726 4386 40
740 4333 769 4393 a
788 4339 828 4402 d·
865 4338 947 4389 Diese
973 4336 1068 4387 Steuer
1094 4336 1186 4388 wurde
1212 4352 1274 4388 vom
1301 4336 1371 4388 Abte

174 4424 258 4477 selbst
285 4439 319 4474 sn
342 4422 417 4474 Stein
440 4422 534 4489 arlegt,
561 4422 596 4473 da
618 4428 697 4474 unter
719 4422 771 4473 den
793 4424 938 4490 Ansgnben
960 4423 1003 4474 fflr
1025 4424 1125 4474 Reisen
1148 4422 1194 4474 des
1212 4422 1295 4475 Abtes
1312 4438 1371 4474 ver·

174 4512 287 4563 rcchnst
297 4512 345 4562 ist:
364 4509 427 4561 lton
438 4510 596 4575 tertiasm’o
604 4517 662 4575 post
674 4510 907 4577 ᾳᾶενίνιεᾶερενιίἄί,
919 4509 955 4560 od
968 4510 1044 4562 Staio
1055 4528 1112 4561 cam
1122 4517 1211 4561 ειειννε
1221 4513 1240 4560 8
1251 4508 1285 4578 β.
1297 4512 1316 4559 3
1330 4512 1370 4575 ἡ.
