3364 5300
327 313 391 376 232

327 503 428 569 altera
459 512 696 567 contractorum
726 503 812 567 facta
843 513 891 567 est
921 502 1026 567 finalis
1050 502 1223 567 concordia
1246 525 1321 567 cum
1344 500 1522 566 venerabili

326 609 405 689 viro,
429 608 557 672 domino
574 607 715 693 Georgio
735 607 911 690 Huebmer‚
935 606 1075 692 plebano
1098 609 1131 670 in
1146 605 1351 689 Abbstetten,
1377 604 1523 670 eiusdem

328 712 448 778 domini
469 711 558 775 Petri
581 714 821 776 testamentario
845 720 924 776 tunc
948 713 979 776 in
1003 713 1196 776 monasterio
1221 711 1429 777 Gottwicensi
1451 713 1523 774 vice

327 841 386 882 sua
416 816 615 902 aliorumque
645 838 775 881 suorum
807 818 839 881 in
871 816 932 880 hac
963 826 1055 902 parte
1088 816 1283 902 collegarum
1313 814 1524 902 personaliter

329 932 479 1008 presente
503 924 556 1002 ita,
580 920 666 1007 quod
688 923 794 985 omnia
811 931 844 986 et
859 920 985 1006 singula
1000 923 1197 985 munimenta
1212 943 1270 985 seu
1284 922 1523 1006 inscripcioneS‚

328 1049 408 1113 quas
431 1025 518 1090 idern
542 1025 690 1089 dominus
713 1026 827 1090 Petrus
851 1048 893 1088 cx
916 1026 1108 1089 monasterio
1125 1024 1248 1109 habuit,
1272 1027 1435 1110 assignata
1450 1036 1525 1090 sunt

330 1133 362 1195 in
386 1129 536 1195 manibus
559 1132 742 1195 monasterii
766 1152 805 1193 nc
830 1129 935 1194 dictus
958 1128 1160 1193 reverendus
1182 1139 1274 1214 pater
1289 1128 1464 1195 earundem
1480 1132 1524 1194 iu·

328 1237 544 1321 scripcionum
575 1235 743 1298 occasione
776 1233 931 1319 obligavit
961 1255 996 1297 se
1026 1234 1069 1298 ad
1097 1232 1347 1319 persolvendum
1370 1235 1524 1320 quinqua-

328 1344 417 1425 ginta
439 1338 538 1403 libras
562 1338 768 1403 denariorum
790 1337 910 1402 usualis
933 1348 1060 1402 monete
1083 1340 1205 1402 vitricia
1228 1337 1364 1402 ecclesie
1385 1341 1418 1402 in
1433 1337 1523 1402 Mau·

328 1455 412 1509 tarn.
458 1443 578 1508 Actum
609 1444 640 1506 in
665 1443 824 1509 Gottwico
851 1442 932 1506 feria
959 1444 1069 1527 quinta
1097 1452 1169 1528 post
1191 1441 1367 1507 Scolasticc
1390 1444 1524 1527 virginis

327 1572 412 1614 anno
436 1548 555 1613 domini
580 1556 640 1611 etc.
664 1546 907 1629 LXXXVHH,
930 1545 1134 1631 presentibus
1157 1546 1278 1611 ibidem
1302 1546 1431 1611 domino
1446 1547 1524 1611 Vin·

329 1655 441 1718 cencio
471 1651 609 1737 plebano
641 1654 672 1714 in
705 1652 865 1733 Mantum,
897 1650 1104 1735 sigismundo
1135 1649 1230 1716 Glatz
1260 1652 1384 1733 vitrico,
1414 1650 1524 1716 Jeorio

330 1757 463 1823 Chawm
487 1767 519 1821 et
543 1756 680 1820 Martino
705 1755 869 1841 Ardinger
892 1755 1017 1820 civibus
1040 1754 1169 1820 ibidem.

433 1933 514 1983 Notiz
532 1933 560 1982 in
580 1933 627 1983 der
645 1932 795 1997 Recbnnng
813 1949 836 1983 v.
853 1933 919 1981 1489
940 1932 968 1982 in
986 1931 1155 1997 Kleinquart,
1174 1934 1240 1998 Pap.

373 2193 475 2261 2025.
1188 2198 1271 2256 1489
1288 2198 1416 2256 Febrnar
1427 2198 1479 2256 23.

433 2386 590 2451 Lienbnrt
619 2386 758 2451 Kettner
791 2408 854 2450 von
885 2386 1046 2469 Mantum,
1081 2386 1265 2470 Margareta
1298 2407 1381 2450 uxor
1414 2384 1523 2449 haben

329 2490 592 2578 aufcmphangen
619 2501 695 2555 nuta
719 2490 787 2555 und
809 2514 900 2576 gwcr
925 2488 964 2577 ¹l2
985 2490 1169 2556 velldlehen
1191 2492 1224 2554 in
1247 2489 1522 2575 Mauttingerveld

329 2596 437 2662 neben
468 2594 536 2660 und
566 2594 729 2660 nwischen
760 2595 819 2660 der
841 2595 1110 2681 Nielaerpraitten
1140 2595 1207 2659 und
1238 2598 1307 2660 ains
1338 2593 1459 2659 akhers
1489 2596 1523 2659 in

329 2700 579 2787 Pdlltingerhoff
606 2699 776 2785 gehbrund
805 2700 952 2786 gelegen‚
984 2700 1053 2765 dint
1074 2722 1138 2785 gen
1162 2699 1323 2785 Gottweig
1345 2699 1379 2764 X
1396 2708 1523 2764 metaen

330 2804 533 2891 vogthabern
563 2804 631 2869 und
653 2805 701 2870 VI
725 2804 945 2891 snittphening
980 2804 1098 2870 darauf
1126 2804 1194 2868 und
1228 2806 1268 2868 ist
1302 2802 1425 2868 erblich
1459 2826 1522 2869 von

330 2911 455 2976 Toman
485 2909 606 2993 Fuchs,
639 2909 697 2974 der
726 2909 891 2975 benunten
923 2910 1109 2994 Margreten
1140 2918 1255 2993 vatter,
1286 2907 1353 2973 und
1383 2910 1441 2972 mit
1470 2906 1522 2973 ab·

331 3015 446 3100 losung
475 3036 539 3078 von
570 3013 646 3079 herr
675 3014 844 3080 Achatnen
874 3014 984 3080 Fuchs
1014 3016 1075 3079 irm
1105 3012 1229 3078 brbder
1259 3035 1301 3077 an
1332 3035 1397 3077 sew
1427 3011 1523 3077 balde

332 3117 478 3183 chemen.
510 3117 631 3183 Actum
655 3120 688 3183 in
711 3118 820 3203 vigilia
842 3118 964 3183 Matbie
988 3118 1220 3183 LXXXVIIII
1235 3116 1440 3204 presentibus
1455 3116 1523 3200 Sig-

331 3222 451 3289 mundo
475 3222 571 3288 Glatz
602 3222 669 3287 und
692 3223 807 3287 Hanns
828 3221 940 3287 Vollkl
963 3233 995 3287 et
1016 3222 1202 3308 supradicto
1226 3221 1353 3287 domino
1376 3220 1523 3286 Aebutio.

331 3327 370 3392 In
398 3326 458 3391 der
485 3336 706 3411 vorgenanten
729 3335 896 3411 maynung
918 3326 1026 3391 haben
1049 3325 1101 3391 die
1124 3336 1309 3411 genannten
1332 3333 1424 3410 away
1446 3325 1524 3389 kon-

331 3431 407 3496 lewt
438 3430 712 3516 aufenphanngen
747 3434 761 3493 l
787 3430 931 3517 quartale
961 3434 1172 3518 weingarten,
1200 3439 1345 3517 genennt
1367 3430 1426 3494 das
1450 3430 1525 3495 Rin-

331 3534 498 3620 weingdrtl
522 3534 591 3601 dint
613 3535 744 3600 Martini
766 3558 830 3621 gen
855 3536 1016 3622 Gottweig
1031 3536 1062 3600 V
1079 3535 1173 3600 oboli.
1216 3534 1336 3599 Actum
1359 3545 1524 3620 utsupra.

333 3641 406 3706 Sew
437 3638 543 3705 haben
577 3639 660 3704 auch
691 3640 974 3725 aufemphanngen
1005 3643 1037 3704 in
1069 3638 1242 3704 derselben
1272 3647 1439 3724 maynung
1473 3641 1524 3703 ain

331 3745 422 3809 haws
453 3744 519 3809 und
549 3754 677 3830 gartten
710 3768 761 3810 am
784 3746 880 3810 Parta
903 3744 1051 3832 gelegen‚
1075 3744 1145 3809 dint
1165 3766 1230 3829 gen
1253 3743 1417 3829 Gottweig
1439 3742 1524 3807 Mar·

331 3851 388 3915 tini
404 3848 436 3913 V
451 3856 491 3914 a.
529 3848 650 3913 Actum
672 3859 708 3913 nt
729 3872 837 3935 supra.

436 4023 515 4074 Notio
534 4024 563 4073 in
581 4022 644 4074 cort
657 4024 684 4074 H
702 4025 720 4075 f.
734 4027 757 4074 6.

377 4232 483 4299 2026.
1191 4237 1274 4295 uso
1290 4237 1419 4296 Febrnar
1430 4239 1481 4296 23.

438 4404 597 4491 Sigmund
620 4406 724 4490 Glatn,
754 4406 875 4491 burger
905 4429 942 4470 ze
964 4407 1126 4488 Mantarn,
1156 4404 1213 4470 hat
1242 4405 1525 4492 aufemphanngen

333 4520 410 4576 nuta
440 4508 509 4575 und
531 4514 622 4596 gwbr
644 4510 696 4576 die
719 4510 1057 4595 hernachgeschriben
1080 4508 1214 4596 grdnnt:
1248 4512 1324 4575 item
1346 4511 1399 4575 ain
1421 4510 1527 4576 akher

335 4615 399 4702 bey
429 4613 665 4700 Polltipgerhof
690 4616 759 4679 dint
789 4615 920 4680 Martini
950 4615 980 4679 L
1003 4624 1061 4699 aba
1090 4618 1167 4681 item
1198 4617 1252 4680 ain
1281 4616 1383 4679 wisen
1410 4617 1443 4680 in
1466 4614 1525 4680 der
