<?xml version="1.0" encoding="UTF-8"?>
<!DOCTYPE html PUBLIC "-//W3C//DTD XHTML 1.0 Transitional//EN"
    "http://www.w3.org/TR/xhtml1/DTD/xhtml1-transitional.dtd">
<html xmlns="http://www.w3.org/1999/xhtml" xml:lang="en" lang="en">
 <head>
  <title>
</title>
<meta http-equiv="Content-Type" content="text/html;charset=utf-8" />
  <meta name='ocr-system' content='tesseract 3.04.00' />
  <meta name='ocr-capabilities' content='ocr_page ocr_carea ocr_par ocr_line ocrx_word'/>
</head>
<body>
  <div class='ocr_page' id='page_1' title='image "./fontesrerumaust13unkngoog_0231.png"; bbox 0 0 3364 5300; ppageno 0'>
   <div class='ocr_carea' id='block_1_1' title="bbox 1283 419 1348 485">
    <p class='ocr_par' dir='ltr' id='par_1_1' title="bbox 1283 419 1348 485">
     <span class='ocr_line' id='line_1_1' title="bbox 1283 419 1348 485; baseline 0 -1"><span class='ocrx_word' id='word_1_1' title='bbox 1283 419 1348 485; x_wconf 76' lang='lat'>215</span> 
     </span>
    </p>
   </div>
   <div class='ocr_carea' id='block_1_2' title="bbox 99 606 1354 3825">
    <p class='ocr_par' dir='ltr' id='par_1_2' title="bbox 99 606 1354 3825">
     <span class='ocr_line' id='line_1_2' title="bbox 258 606 1346 694; baseline 0.003 -22"><span class='ocrx_word' id='word_1_2' title='bbox 258 606 448 694; x_wconf 57' lang='lat' dir='ltr'>{Iohannes</span> <span class='ocrx_word' id='word_1_3' title='bbox 462 608 497 694; x_wconf 56' lang='grc' dir='ltr'>ξι</span> <span class='ocrx_word' id='word_1_4' title='bbox 522 610 732 673; x_wconf 79' lang='lat' dir='ltr'><strong>miseracione</strong></span> <span class='ocrx_word' id='word_1_5' title='bbox 756 607 866 675; x_wconf 92' lang='lat' dir='ltr'>divina</span> <span class='ocrx_word' id='word_1_6' title='bbox 881 610 963 675; x_wconf 90' lang='lat' dir='ltr'>tituli</span> <span class='ocrx_word' id='word_1_7' title='bbox 978 621 1090 676; x_wconf 91' lang='lat' dir='ltr'>sancte</span> <span class='ocrx_word' id='word_1_8' title='bbox 1106 610 1227 677; x_wconf 81' lang='lat' dir='ltr'>Sabine</span> <span class='ocrx_word' id='word_1_9' title='bbox 1242 633 1346 677; x_wconf 88' lang='lat' dir='ltr'>sacro·</span> 
     </span>
     <span class='ocr_line' id='line_1_3' title="bbox 154 711 1347 802; baseline 0.003 -25"><span class='ocrx_word' id='word_1_10' title='bbox 154 721 264 777; x_wconf 86' lang='lat' dir='ltr'>sancte</span> <span class='ocrx_word' id='word_1_11' title='bbox 294 711 438 778; x_wconf 91' lang='lat' dir='ltr'>Romane</span> <span class='ocrx_word' id='word_1_12' title='bbox 472 713 608 779; x_wconf 84' lang='lat' dir='ltr'>ecclesie</span> <span class='ocrx_word' id='word_1_13' title='bbox 640 712 812 801; x_wconf 76' lang='lat' dir='ltr'>presbyter</span> <span class='ocrx_word' id='word_1_14' title='bbox 841 715 1014 781; x_wconf 86' lang='lat' dir='ltr'>cardinalis</span> <span class='ocrx_word' id='word_1_15' title='bbox 1045 716 1086 781; x_wconf 94' lang='lat' dir='ltr'>de</span> <span class='ocrx_word' id='word_1_16' title='bbox 1113 716 1278 802; x_wconf 88' lang='lat' dir='ltr'>Aragonia</span> <span class='ocrx_word' id='word_1_17' title='bbox 1307 739 1347 781; x_wconf 88' lang='lat' dir='ltr'>ae</span> 
     </span>
     <span class='ocr_line' id='line_1_4' title="bbox 155 817 1348 907; baseline 0.003 -26"><span class='ocrx_word' id='word_1_18' title='bbox 155 826 265 882; x_wconf 88' lang='lat' dir='ltr'>sancte</span> <span class='ocrx_word' id='word_1_19' title='bbox 295 817 383 883; x_wconf 85' lang='lat' dir='ltr'>sedis</span> <span class='ocrx_word' id='word_1_20' title='bbox 411 818 585 904; x_wconf 89' lang='lat' dir='ltr'>apostolice</span> <span class='ocrx_word' id='word_1_21' title='bbox 614 818 739 904; x_wconf 84' lang='lat' dir='ltr'>legatus</span> <span class='ocrx_word' id='word_1_22' title='bbox 770 817 813 884; x_wconf 91' lang='lat' dir='ltr'>ad</span> <span class='ocrx_word' id='word_1_23' title='bbox 844 827 980 905; x_wconf 82' lang='lat' dir='ltr'>regnum</span> <span class='ocrx_word' id='word_1_24' title='bbox 1002 820 1147 906; x_wconf 83' lang='lat' dir='ltr'>Vngarie</span> <span class='ocrx_word' id='word_1_25' title='bbox 1178 829 1210 885; x_wconf 90' lang='lat' dir='ltr'>et</span> <span class='ocrx_word' id='word_1_26' title='bbox 1239 831 1348 907; x_wconf 90' lang='lat' dir='ltr'>partes</span> 
     </span>
     <span class='ocr_line' id='line_1_5' title="bbox 157 921 1347 1009; baseline 0.004 -23"><span class='ocrx_word' id='word_1_27' title='bbox 157 921 302 987; x_wconf 85' lang='lat' dir='ltr'>eiusdem</span> <span class='ocrx_word' id='word_1_28' title='bbox 334 921 555 1008; x_wconf 80' lang='lat' dir='ltr'>dependentes</span> <span class='ocrx_word' id='word_1_29' title='bbox 589 947 609 989; x_wconf 93' lang='lat' dir='ltr'>a</span> <span class='ocrx_word' id='word_1_30' title='bbox 638 923 739 989; x_wconf 89' lang='lat' dir='ltr'>latere</span> <span class='ocrx_word' id='word_1_31' title='bbox 770 923 891 989; x_wconf 88' lang='lat' dir='ltr'>electus</span> <span class='ocrx_word' id='word_1_32' title='bbox 922 925 1128 990; x_wconf 87' lang='lat' dir='ltr'>confirmatus</span> <span class='ocrx_word' id='word_1_33' title='bbox 1159 936 1192 991; x_wconf 94' lang='lat' dir='ltr'>et</span> <span class='ocrx_word' id='word_1_34' title='bbox 1221 928 1347 1009; x_wconf 88' lang='lat' dir='ltr'>missus,</span> 
     </span>
     <span class='ocr_line' id='line_1_6' title="bbox 157 1026 1347 1114; baseline 0.004 -23"><span class='ocrx_word' id='word_1_35' title='bbox 157 1026 282 1092; x_wconf 86' lang='lat' dir='ltr'>dilectis</span> <span class='ocrx_word' id='word_1_36' title='bbox 304 1026 376 1092; x_wconf 85' lang='lat' dir='ltr'>filiis</span> <span class='ocrx_word' id='word_1_37' title='bbox 399 1026 536 1093; x_wconf 80' lang='lat' dir='ltr'>Iohanni</span> <span class='ocrx_word' id='word_1_38' title='bbox 555 1027 766 1114; x_wconf 84' lang='lat' dir='ltr'>Pausswangl</span> <span class='ocrx_word' id='word_1_39' title='bbox 789 1028 923 1113; x_wconf 81' lang='lat' dir='ltr'>decane,</span> <span class='ocrx_word' id='word_1_40' title='bbox 948 1029 1153 1096; x_wconf 88' lang='lat' dir='ltr'>decretorum</span> <span class='ocrx_word' id='word_1_41' title='bbox 1175 1030 1347 1114; x_wconf 90' lang='lat' dir='ltr'>bacalario,</span> 
     </span>
     <span class='ocr_line' id='line_1_7' title="bbox 157 1131 1348 1222; baseline 0.002 -25"><span class='ocrx_word' id='word_1_42' title='bbox 157 1143 188 1197; x_wconf 89' lang='lat' dir='ltr'>et</span> <span class='ocrx_word' id='word_1_43' title='bbox 203 1131 321 1198; x_wconf 81' lang='lat' dir='ltr'>Alexio</span> <span class='ocrx_word' id='word_1_44' title='bbox 344 1132 386 1198; x_wconf 90' lang='lat' dir='ltr'>de</span> <span class='ocrx_word' id='word_1_45' title='bbox 402 1131 549 1218; x_wconf 82' lang='lat' dir='ltr'>Yglauia,</span> <span class='ocrx_word' id='word_1_46' title='bbox 575 1134 736 1199; x_wconf 88' lang='lat' dir='ltr'>canonicis</span> <span class='ocrx_word' id='word_1_47' title='bbox 759 1142 792 1199; x_wconf 93' lang='lat' dir='ltr'>et</span> <span class='ocrx_word' id='word_1_48' title='bbox 813 1133 1125 1200; x_wconf 75' lang='lat' dir='ltr'>administratoribus</span> <span class='ocrx_word' id='word_1_49' title='bbox 1145 1136 1348 1222; x_wconf 76' lang='lat' dir='ltr'>episcopatus</span> 
     </span>
     <span class='ocr_line' id='line_1_8' title="bbox 157 1236 1349 1326; baseline 0.002 -23"><span class='ocrx_word' id='word_1_50' title='bbox 157 1236 380 1303; x_wconf 86' lang='lat' dir='ltr'>Olomuoensis</span> <span class='ocrx_word' id='word_1_51' title='bbox 411 1236 547 1302; x_wconf 87' lang='lat' dir='ltr'>ecclesie</span> <span class='ocrx_word' id='word_1_52' title='bbox 577 1237 656 1303; x_wconf 90' lang='lat' dir='ltr'>sede</span> <span class='ocrx_word' id='word_1_53' title='bbox 686 1238 843 1303; x_wconf 78' lang='lat' dir='ltr'>vacante&#39;</span> <span class='ocrx_word' id='word_1_54' title='bbox 873 1248 935 1304; x_wconf 88' lang='lat' dir='ltr'>eto.</span> <span class='ocrx_word' id='word_1_55' title='bbox 981 1238 1183 1326; x_wconf 71' lang='lat' dir='ltr'>conquestus</span> <span class='ocrx_word' id='word_1_56' title='bbox 1211 1249 1260 1305; x_wconf 87' lang='lat' dir='ltr'>est</span> <span class='ocrx_word' id='word_1_57' title='bbox 1290 1262 1349 1326; x_wconf 89' lang='lat' dir='ltr'>per</span> 
     </span>
     <span class='ocr_line' id='line_1_9' title="bbox 156 1340 1348 1430; baseline 0.002 -23"><span class='ocrx_word' id='word_1_58' title='bbox 156 1340 310 1407; x_wconf 91' lang='lat' dir='ltr'>humilem</span> <span class='ocrx_word' id='word_1_59' title='bbox 338 1340 610 1427; x_wconf 89' lang='lat' dir='ltr'>supplicacionem</span> <span class='ocrx_word' id='word_1_60' title='bbox 639 1341 733 1407; x_wconf 91' lang='lat' dir='ltr'>nobis</span> <span class='ocrx_word' id='word_1_61' title='bbox 761 1342 962 1428; x_wconf 79' lang='lat' dir='ltr'>designan</span> <span class='ocrx_word' id='word_1_62' title='bbox 984 1344 1175 1430; x_wconf 82' lang='lat' dir='ltr'>magnificus</span> <span class='ocrx_word' id='word_1_63' title='bbox 1199 1354 1231 1409; x_wconf 89' lang='lat' dir='ltr'>et</span> <span class='ocrx_word' id='word_1_64' title='bbox 1253 1366 1348 1430; x_wconf 84' lang='lat' dir='ltr'>gene-</span> 
     </span>
     <span class='ocr_line' id='line_1_10' title="bbox 156 1445 1348 1536; baseline 0.002 -24"><span class='ocrx_word' id='word_1_65' title='bbox 156 1468 246 1512; x_wconf 89' lang='lat' dir='ltr'>rosus</span> <span class='ocrx_word' id='word_1_66' title='bbox 277 1448 327 1513; x_wconf 90' lang='lat' dir='ltr'>vir</span> <span class='ocrx_word' id='word_1_67' title='bbox 357 1445 504 1512; x_wconf 82' lang='lat' dir='ltr'>dominus</span> <span class='ocrx_word' id='word_1_68' title='bbox 533 1446 694 1512; x_wconf 90' lang='lat' dir='ltr'>Iohannes</span> <span class='ocrx_word' id='word_1_69' title='bbox 722 1446 869 1512; x_wconf 89' lang='lat' dir='ltr'>dominus</span> <span class='ocrx_word' id='word_1_70' title='bbox 900 1446 940 1512; x_wconf 87' lang='lat' dir='ltr'>de</span> <span class='ocrx_word' id='word_1_71' title='bbox 968 1448 1116 1514; x_wconf 77' lang='lat' dir='ltr'>Sounion</span> <span class='ocrx_word' id='word_1_72' title='bbox 1144 1448 1233 1532; x_wconf 89' lang='lat' dir='ltr'>baro,</span> <span class='ocrx_word' id='word_1_73' title='bbox 1262 1449 1348 1536; x_wconf 92' lang='lat' dir='ltr'>quod</span> 
     </span>
     <span class='ocr_line' id='line_1_11' title="bbox 156 1551 1348 1621; baseline 0.003 -4"><span class='ocrx_word' id='word_1_74' title='bbox 156 1551 283 1619; x_wconf 85' lang='lat' dir='ltr'>humilis</span> <span class='ocrx_word' id='word_1_75' title='bbox 315 1552 481 1619; x_wconf 88' lang='lat' dir='ltr'>abbatissa</span> <span class='ocrx_word' id='word_1_76' title='bbox 510 1553 639 1619; x_wconf 88' lang='lat' dir='ltr'>domina</span> <span class='ocrx_word' id='word_1_77' title='bbox 668 1552 790 1619; x_wconf 81' lang='lat' dir='ltr'>Cecilia</span> <span class='ocrx_word' id='word_1_78' title='bbox 820 1563 852 1619; x_wconf 93' lang='lat' dir='ltr'>et</span> <span class='ocrx_word' id='word_1_79' title='bbox 882 1564 1059 1620; x_wconf 90' lang='lat' dir='ltr'>conventus</span> <span class='ocrx_word' id='word_1_80' title='bbox 1088 1562 1173 1620; x_wconf 87' lang='lat' dir='ltr'>totus</span> <span class='ocrx_word' id='word_1_81' title='bbox 1204 1553 1348 1621; x_wconf 90' lang='lat' dir='ltr'>eiusdem</span> 
     </span>
     <span class='ocr_line' id='line_1_12' title="bbox 157 1656 1349 1745; baseline 0.002 -23"><span class='ocrx_word' id='word_1_82' title='bbox 157 1656 294 1723; x_wconf 90' lang='lat' dir='ltr'>abbacie</span> <span class='ocrx_word' id='word_1_83' title='bbox 324 1658 445 1724; x_wconf 88' lang='lat' dir='ltr'>ordinis</span> <span class='ocrx_word' id='word_1_84' title='bbox 475 1659 613 1725; x_wconf 85' lang='lat' dir='ltr'>fratrum</span> <span class='ocrx_word' id='word_1_85' title='bbox 642 1660 801 1724; x_wconf 91' lang='lat' dir='ltr'>minorum</span> <span class='ocrx_word' id='word_1_86' title='bbox 830 1660 863 1723; x_wconf 94' lang='lat' dir='ltr'>in</span> <span class='ocrx_word' id='word_1_87' title='bbox 890 1657 1042 1745; x_wconf 90' lang='lat' dir='ltr'>preurbio</span> <span class='ocrx_word' id='word_1_88' title='bbox 1070 1657 1276 1725; x_wconf 88' lang='lat' dir='ltr'>Olomuoensi</span> <span class='ocrx_word' id='word_1_89' title='bbox 1305 1662 1349 1724; x_wconf 92' lang='lat' dir='ltr'>ni·</span> 
     </span>
     <span class='ocr_line' id='line_1_13' title="bbox 157 1763 1348 1851; baseline 0.003 -24"><span class='ocrx_word' id='word_1_90' title='bbox 157 1772 268 1828; x_wconf 90' lang='lat' dir='ltr'>tuntur</span> <span class='ocrx_word' id='word_1_91' title='bbox 297 1764 343 1827; x_wconf 90' lang='lat' dir='ltr'>eis</span> <span class='ocrx_word' id='word_1_92' title='bbox 374 1786 513 1850; x_wconf 84' lang='lat' dir='ltr'>gravare</span> <span class='ocrx_word' id='word_1_93' title='bbox 544 1774 576 1830; x_wconf 90' lang='lat' dir='ltr'>et</span> <span class='ocrx_word' id='word_1_94' title='bbox 603 1763 645 1829; x_wconf 90' lang='lat' dir='ltr'>ad</span> <span class='ocrx_word' id='word_1_95' title='bbox 668 1763 776 1851; x_wconf 84' lang='lat' dir='ltr'>aliqua</span> <span class='ocrx_word' id='word_1_96' title='bbox 800 1763 942 1850; x_wconf 91' lang='lat' dir='ltr'>dampna</span> <span class='ocrx_word' id='word_1_97' title='bbox 964 1767 1152 1829; x_wconf 89' lang='lat' dir='ltr'>inconsueta</span> <span class='ocrx_word' id='word_1_98' title='bbox 1175 1764 1348 1849; x_wconf 83' lang='lat' dir='ltr'>deducere,</span> 
     </span>
     <span class='ocr_line' id='line_1_14' title="bbox 156 1867 1350 1957; baseline 0.002 -25"><span class='ocrx_word' id='word_1_99' title='bbox 156 1877 288 1953; x_wconf 89' lang='lat' dir='ltr'>propter</span> <span class='ocrx_word' id='word_1_100' title='bbox 325 1891 388 1956; x_wconf 93' lang='lat' dir='ltr'>que</span> <span class='ocrx_word' id='word_1_101' title='bbox 418 1867 505 1935; x_wconf 90' lang='lat' dir='ltr'>idem</span> <span class='ocrx_word' id='word_1_102' title='bbox 536 1869 684 1936; x_wconf 90' lang='lat' dir='ltr'>dominus</span> <span class='ocrx_word' id='word_1_103' title='bbox 705 1867 866 1934; x_wconf 88' lang='lat' dir='ltr'>Iohannes</span> <span class='ocrx_word' id='word_1_104' title='bbox 897 1869 1083 1956; x_wconf 88' lang='lat' dir='ltr'>supplicans</span> <span class='ocrx_word' id='word_1_105' title='bbox 1113 1868 1249 1935; x_wconf 91' lang='lat' dir='ltr'>multum</span> <span class='ocrx_word' id='word_1_106' title='bbox 1278 1893 1350 1957; x_wconf 84' lang='lat' dir='ltr'>gra-</span> 
     </span>
     <span class='ocr_line' id='line_1_15' title="bbox 157 1973 1350 2061; baseline 0.003 -24"><span class='ocrx_word' id='word_1_107' title='bbox 157 1981 251 2038; x_wconf 89' lang='lat' dir='ltr'>vatur</span> <span class='ocrx_word' id='word_1_108' title='bbox 282 1982 316 2037; x_wconf 91' lang='lat' dir='ltr'>et</span> <span class='ocrx_word' id='word_1_109' title='bbox 345 1976 534 2061; x_wconf 88' lang='lat' dir='ltr'>opprimitur</span> <span class='ocrx_word' id='word_1_110' title='bbox 564 1976 598 2040; x_wconf 91' lang='lat' dir='ltr'>in</span> <span class='ocrx_word' id='word_1_111' title='bbox 627 1983 762 2058; x_wconf 85' lang='lat' dir='ltr'>tantum,</span> <span class='ocrx_word' id='word_1_112' title='bbox 794 1973 881 2061; x_wconf 91' lang='lat' dir='ltr'>quod</span> <span class='ocrx_word' id='word_1_113' title='bbox 904 1974 1043 2040; x_wconf 91' lang='lat' dir='ltr'>eandem</span> <span class='ocrx_word' id='word_1_114' title='bbox 1066 1974 1230 2041; x_wconf 92' lang='lat' dir='ltr'>dominam</span> <span class='ocrx_word' id='word_1_115' title='bbox 1251 1975 1350 2040; x_wconf 90' lang='lat' dir='ltr'>abba·</span> 
     </span>
     <span class='ocr_line' id='line_1_16' title="bbox 157 2077 1351 2145; baseline 0.002 -3"><span class='ocrx_word' id='word_1_116' title='bbox 157 2080 267 2143; x_wconf 89' lang='lat' dir='ltr'>tissam</span> <span class='ocrx_word' id='word_1_117' title='bbox 291 2086 323 2142; x_wconf 93' lang='lat' dir='ltr'>et</span> <span class='ocrx_word' id='word_1_118' title='bbox 344 2087 446 2144; x_wconf 85' lang='lat' dir='ltr'>totum</span> <span class='ocrx_word' id='word_1_119' title='bbox 469 2081 536 2144; x_wconf 88' lang='lat' dir='ltr'>eius</span> <span class='ocrx_word' id='word_1_120' title='bbox 559 2088 754 2144; x_wconf 91' lang='lat' dir='ltr'>conventum</span> <span class='ocrx_word' id='word_1_121' title='bbox 773 2077 912 2144; x_wconf 88' lang='lat' dir='ltr'>intendit</span> <span class='ocrx_word' id='word_1_122' title='bbox 926 2078 1074 2144; x_wconf 91' lang='lat' dir='ltr'>dominus</span> <span class='ocrx_word' id='word_1_123' title='bbox 1089 2077 1176 2145; x_wconf 91' lang='lat' dir='ltr'>idem</span> <span class='ocrx_word' id='word_1_124' title='bbox 1190 2079 1351 2145; x_wconf 88' lang='lat' dir='ltr'>Iohannes</span> 
     </span>
     <span class='ocr_line' id='line_1_17' title="bbox 157 2182 1351 2271; baseline 0.002 -24"><span class='ocrx_word' id='word_1_125' title='bbox 157 2182 286 2248; x_wconf 86' lang='lat' dir='ltr'>trahere</span> <span class='ocrx_word' id='word_1_126' title='bbox 315 2184 348 2248; x_wconf 92' lang='lat' dir='ltr'>in</span> <span class='ocrx_word' id='word_1_127' title='bbox 378 2204 510 2249; x_wconf 89' lang='lat' dir='ltr'>causam</span> <span class='ocrx_word' id='word_1_128' title='bbox 536 2185 670 2249; x_wconf 87' lang='lat' dir='ltr'>iusticie.</span> <span class='ocrx_word' id='word_1_129' title='bbox 717 2183 871 2250; x_wconf 87' lang='lat' dir='ltr'>Volentes</span> <span class='ocrx_word' id='word_1_130' title='bbox 892 2194 1066 2271; x_wconf 88' lang='lat' dir='ltr'>propterea</span> <span class='ocrx_word' id='word_1_131' title='bbox 1087 2184 1220 2250; x_wconf 90' lang='lat' dir='ltr'>easdem</span> <span class='ocrx_word' id='word_1_132' title='bbox 1242 2193 1351 2271; x_wconf 91' lang='lat' dir='ltr'>partes</span> 
     </span>
     <span class='ocr_line' id='line_1_18' title="bbox 158 2286 1351 2377; baseline 0.002 -24"><span class='ocrx_word' id='word_1_133' title='bbox 158 2286 199 2353; x_wconf 90' lang='lat' dir='ltr'>ad</span> <span class='ocrx_word' id='word_1_134' title='bbox 222 2288 342 2353; x_wconf 91' lang='lat' dir='ltr'>bonam</span> <span class='ocrx_word' id='word_1_135' title='bbox 362 2310 478 2375; x_wconf 90' lang='lat' dir='ltr'>pacem</span> <span class='ocrx_word' id='word_1_136' title='bbox 494 2297 526 2353; x_wconf 93' lang='lat' dir='ltr'>et</span> <span class='ocrx_word' id='word_1_137' title='bbox 540 2288 659 2354; x_wconf 89' lang='lat' dir='ltr'>bonam</span> <span class='ocrx_word' id='word_1_138' title='bbox 674 2290 863 2354; x_wconf 85' lang='lat' dir='ltr'>interveniri</span> <span class='ocrx_word' id='word_1_139' title='bbox 878 2289 1094 2373; x_wconf 90' lang='lat' dir='ltr'>concordiam,</span> <span class='ocrx_word' id='word_1_140' title='bbox 1118 2311 1218 2377; x_wconf 92' lang='lat' dir='ltr'>quare</span> <span class='ocrx_word' id='word_1_141' title='bbox 1234 2288 1351 2355; x_wconf 88' lang='lat' dir='ltr'>discre-</span> 
     </span>
     <span class='ocr_line' id='line_1_19' title="bbox 159 2391 1351 2480; baseline 0.002 -23"><span class='ocrx_word' id='word_1_142' title='bbox 159 2394 241 2458; x_wconf 90' lang='lat' dir='ltr'>cioni</span> <span class='ocrx_word' id='word_1_143' title='bbox 272 2401 379 2458; x_wconf 88' lang='lat' dir='ltr'>vestre</span> <span class='ocrx_word' id='word_1_144' title='bbox 409 2415 468 2479; x_wconf 94' lang='lat' dir='ltr'>per</span> <span class='ocrx_word' id='word_1_145' title='bbox 494 2401 603 2458; x_wconf 88' lang='lat' dir='ltr'>nostra</span> <span class='ocrx_word' id='word_1_146' title='bbox 626 2395 746 2480; x_wconf 86' lang='lat' dir='ltr'>scripta</span> <span class='ocrx_word' id='word_1_147' title='bbox 769 2393 945 2479; x_wconf 88' lang='lat' dir='ltr'>apostolica</span> <span class='ocrx_word' id='word_1_148' title='bbox 966 2391 1168 2478; x_wconf 84' lang='lat' dir='ltr'>mandamus,</span> <span class='ocrx_word' id='word_1_149' title='bbox 1193 2402 1351 2480; x_wconf 89' lang='lat' dir='ltr'>quatenus</span> 
     </span>
     <span class='ocr_line' id='line_1_20' title="bbox 158 2497 1352 2585; baseline -0.001 -21"><span class='ocrx_word' id='word_1_150' title='bbox 158 2500 290 2582; x_wconf 80' lang='lat' dir='ltr'>voeatis,</span> <span class='ocrx_word' id='word_1_151' title='bbox 323 2498 379 2584; x_wconf 91' lang='lat' dir='ltr'>qui</span> <span class='ocrx_word' id='word_1_152' title='bbox 407 2497 527 2563; x_wconf 85' lang='lat' dir='ltr'>fuerint</span> <span class='ocrx_word' id='word_1_153' title='bbox 557 2497 726 2582; x_wconf 87' lang='lat' dir='ltr'>evocandi,</span> <span class='ocrx_word' id='word_1_154' title='bbox 757 2508 790 2563; x_wconf 90' lang='lat' dir='ltr'>et</span> <span class='ocrx_word' id='word_1_155' title='bbox 816 2499 985 2584; x_wconf 86' lang='lat' dir='ltr'>propositis</span> <span class='ocrx_word' id='word_1_156' title='bbox 1008 2497 1161 2563; x_wconf 91' lang='lat' dir='ltr'>hincinde</span> <span class='ocrx_word' id='word_1_157' title='bbox 1184 2500 1352 2585; x_wconf 89' lang='lat' dir='ltr'>utriusque</span> 
     </span>
     <span class='ocr_line' id='line_1_21' title="bbox 159 2601 1351 2690; baseline -0.001 -20"><span class='ocrx_word' id='word_1_158' title='bbox 159 2606 259 2690; x_wconf 84' lang='lat' dir='ltr'>partis</span> <span class='ocrx_word' id='word_1_159' title='bbox 289 2602 416 2683; x_wconf 88' lang='lat' dir='ltr'>auditis,</span> <span class='ocrx_word' id='word_1_160' title='bbox 448 2602 535 2689; x_wconf 90' lang='lat' dir='ltr'>quod</span> <span class='ocrx_word' id='word_1_161' title='bbox 565 2604 684 2668; x_wconf 85' lang='lat' dir='ltr'>iustum</span> <span class='ocrx_word' id='word_1_162' title='bbox 714 2602 820 2686; x_wconf 86' lang='lat' dir='ltr'>fuerit,</span> <span class='ocrx_word' id='word_1_163' title='bbox 851 2601 1072 2688; x_wconf 91' lang='lat' dir='ltr'>appellacione</span> <span class='ocrx_word' id='word_1_164' title='bbox 1101 2612 1225 2669; x_wconf 89' lang='lat' dir='ltr'>remota</span> <span class='ocrx_word' id='word_1_165' title='bbox 1254 2613 1351 2690; x_wconf 87' lang='lat' dir='ltr'>atque</span> 
     </span>
     <span class='ocr_line' id='line_1_22' title="bbox 160 2706 1351 2796; baseline -0.002 -22"><span class='ocrx_word' id='word_1_166' title='bbox 160 2709 417 2796; x_wconf 84' lang='lat' dir='ltr'>quibuscumque</span> <span class='ocrx_word' id='word_1_167' title='bbox 450 2709 547 2772; x_wconf 90' lang='lat' dir='ltr'>etiam</span> <span class='ocrx_word' id='word_1_168' title='bbox 576 2730 680 2775; x_wconf 82' lang='lat' dir='ltr'>usune</span> <span class='ocrx_word' id='word_1_169' title='bbox 718 2706 915 2775; x_wconf 64' lang='lat' dir='ltr'>cessantibus</span> <span class='ocrx_word' id='word_1_170' title='bbox 946 2716 979 2773; x_wconf 91' lang='lat' dir='ltr'>et</span> <span class='ocrx_word' id='word_1_171' title='bbox 1007 2709 1138 2773; x_wconf 84' lang='lat' dir='ltr'>remotis</span> <span class='ocrx_word' id='word_1_172' title='bbox 1169 2706 1351 2772; x_wconf 90' lang='lat' dir='ltr'>decernatis</span> 
     </span>
     <span class='ocr_line' id='line_1_23' title="bbox 158 2811 1351 2900; baseline -0.001 -22"><span class='ocrx_word' id='word_1_173' title='bbox 158 2814 390 2900; x_wconf 86' lang='lat' dir='ltr'>facientesque,</span> <span class='ocrx_word' id='word_1_174' title='bbox 425 2811 512 2900; x_wconf 90' lang='lat' dir='ltr'>quod</span> <span class='ocrx_word' id='word_1_175' title='bbox 546 2812 764 2897; x_wconf 86' lang='lat' dir='ltr'>decreventis,</span> <span class='ocrx_word' id='word_1_176' title='bbox 799 2834 859 2898; x_wconf 90' lang='lat' dir='ltr'>per</span> <span class='ocrx_word' id='word_1_177' title='bbox 892 2835 1063 2878; x_wconf 86' lang='lat' dir='ltr'>censuram</span> <span class='ocrx_word' id='word_1_178' title='bbox 1097 2812 1351 2877; x_wconf 87' lang='lat' dir='ltr'>ecclesiasticam</span> 
     </span>
     <span class='ocr_line' id='line_1_24' title="bbox 99 2916 1352 3003; baseline -0.002 -18"><span class='ocrx_word' id='word_1_179' title='bbox 99 2952 102 2961; x_wconf 47' lang='lat'>¹</span> <span class='ocrx_word' id='word_1_180' title='bbox 159 2920 295 2985; x_wconf 85' lang='lat' dir='ltr'>firmiter</span> <span class='ocrx_word' id='word_1_181' title='bbox 324 2916 499 2983; x_wconf 88' lang='lat' dir='ltr'>observari.</span> <span class='ocrx_word' id='word_1_182' title='bbox 545 2917 660 2982; x_wconf 85' lang='lat' dir='ltr'>Testes</span> <span class='ocrx_word' id='word_1_183' title='bbox 689 2928 808 3002; x_wconf 88' lang='lat' dir='ltr'>autem,</span> <span class='ocrx_word' id='word_1_184' title='bbox 839 2920 894 3003; x_wconf 95' lang='lat' dir='ltr'>qui</span> <span class='ocrx_word' id='word_1_185' title='bbox 924 2917 1043 2983; x_wconf 86' lang='lat' dir='ltr'>fuerint</span> <span class='ocrx_word' id='word_1_186' title='bbox 1074 2920 1239 3001; x_wconf 91' lang='lat' dir='ltr'>nominati,</span> <span class='ocrx_word' id='word_1_187' title='bbox 1268 2919 1295 2982; x_wconf 89' lang='lat' dir='ltr'>si</span> <span class='ocrx_word' id='word_1_188' title='bbox 1318 2940 1352 2982; x_wconf 89' lang='lat' dir='ltr'>se</span> 
     </span>
     <span class='ocr_line' id='line_1_25' title="bbox 160 3021 1352 3110; baseline -0.003 -21"><span class='ocrx_word' id='word_1_189' title='bbox 160 3027 271 3110; x_wconf 85' lang='lat' dir='ltr'>gracia</span> <span class='ocrx_word' id='word_1_190' title='bbox 292 3021 364 3088; x_wconf 92' lang='lat' dir='ltr'>odio</span> <span class='ocrx_word' id='word_1_191' title='bbox 387 3022 440 3088; x_wconf 94' lang='lat' dir='ltr'>vel</span> <span class='ocrx_word' id='word_1_192' title='bbox 462 3025 575 3089; x_wconf 91' lang='lat' dir='ltr'>timore</span> <span class='ocrx_word' id='word_1_193' title='bbox 598 3022 821 3088; x_wconf 88' lang='lat' dir='ltr'>subtraxerint</span> <span class='ocrx_word' id='word_1_194' title='bbox 844 3043 991 3105; x_wconf 90' lang='lat' dir='ltr'>censura,</span> <span class='ocrx_word' id='word_1_195' title='bbox 1015 3022 1109 3086; x_wconf 91' lang='lat' dir='ltr'>simili</span> <span class='ocrx_word' id='word_1_196' title='bbox 1131 3021 1352 3108; x_wconf 89' lang='lat' dir='ltr'>appellacione</span> 
     </span>
     <span class='ocr_line' id='line_1_26' title="bbox 162 3125 1353 3215; baseline -0.004 -20"><span class='ocrx_word' id='word_1_197' title='bbox 162 3137 307 3195; x_wconf 88' lang='lat' dir='ltr'>cessante</span> <span class='ocrx_word' id='word_1_198' title='bbox 331 3127 527 3215; x_wconf 86' lang='lat' dir='ltr'>compellatis</span> <span class='ocrx_word' id='word_1_199' title='bbox 560 3129 688 3193; x_wconf 85' lang='lat' dir='ltr'>veritati</span> <span class='ocrx_word' id='word_1_200' title='bbox 720 3130 936 3193; x_wconf 91' lang='lat' dir='ltr'>testimonium</span> <span class='ocrx_word' id='word_1_201' title='bbox 969 3126 1152 3213; x_wconf 89' lang='lat' dir='ltr'>perhibere.</span> <span class='ocrx_word' id='word_1_202' title='bbox 1199 3125 1296 3208; x_wconf 81' lang='lat' dir='ltr'>Quod</span> <span class='ocrx_word' id='word_1_203' title='bbox 1327 3129 1353 3191; x_wconf 89' lang='lat' dir='ltr'>si</span> 
     </span>
     <span class='ocr_line' id='line_1_27' title="bbox 161 3229 1352 3320; baseline -0.005 -21"><span class='ocrx_word' id='word_1_204' title='bbox 161 3256 223 3300; x_wconf 92' lang='lat' dir='ltr'>non</span> <span class='ocrx_word' id='word_1_205' title='bbox 257 3255 368 3299; x_wconf 88' lang='lat' dir='ltr'>omnes</span> <span class='ocrx_word' id='word_1_206' title='bbox 399 3232 460 3299; x_wconf 85' lang='lat' dir='ltr'>hiis</span> <span class='ocrx_word' id='word_1_207' title='bbox 494 3231 695 3320; x_wconf 85' lang='lat' dir='ltr'>exequendis</span> <span class='ocrx_word' id='word_1_208' title='bbox 728 3233 894 3318; x_wconf 89' lang='lat' dir='ltr'>potueritis</span> <span class='ocrx_word' id='word_1_209' title='bbox 927 3233 1093 3314; x_wconf 87' lang='lat' dir='ltr'>interesse,</span> <span class='ocrx_word' id='word_1_210' title='bbox 1128 3229 1352 3296; x_wconf 88' lang='lat' dir='ltr'>nichilominus</span> 
     </span>
     <span class='ocr_line' id='line_1_28' title="bbox 160 3334 1353 3425; baseline -0.004 -21"><span class='ocrx_word' id='word_1_211' title='bbox 160 3348 268 3405; x_wconf 85' lang='lat' dir='ltr'>tamen</span> <span class='ocrx_word' id='word_1_212' title='bbox 291 3360 374 3403; x_wconf 91' lang='lat' dir='ltr'>unus</span> <span class='ocrx_word' id='word_1_213' title='bbox 396 3347 540 3404; x_wconf 88' lang='lat' dir='ltr'>vestrum</span> <span class='ocrx_word' id='word_1_214' title='bbox 563 3346 753 3425; x_wconf 87' lang='lat' dir='ltr'>exequatur.</span> <span class='ocrx_word' id='word_1_215' title='bbox 791 3337 913 3403; x_wconf 92' lang='lat' dir='ltr'>Datum</span> <span class='ocrx_word' id='word_1_216' title='bbox 935 3339 968 3402; x_wconf 92' lang='lat' dir='ltr'>in</span> <span class='ocrx_word' id='word_1_217' title='bbox 992 3338 1121 3401; x_wconf 86' lang='lat' dir='ltr'>civitate</span> <span class='ocrx_word' id='word_1_218' title='bbox 1145 3334 1353 3400; x_wconf 80' lang='lat' dir='ltr'>Olomuoensi</span> 
     </span>
     <span class='ocr_line' id='line_1_29' title="bbox 161 3440 1353 3528; baseline -0.003 -20"><span class='ocrx_word' id='word_1_219' title='bbox 161 3445 315 3509; x_wconf 87' lang='lat' dir='ltr'>vicesimo</span> <span class='ocrx_word' id='word_1_220' title='bbox 337 3445 437 3508; x_wconf 90' lang='lat' dir='ltr'>tercio</span> <span class='ocrx_word' id='word_1_221' title='bbox 460 3442 513 3508; x_wconf 93' lang='lat' dir='ltr'>die</span> <span class='ocrx_word' id='word_1_222' title='bbox 536 3442 721 3508; x_wconf 87' lang='lat' dir='ltr'>novembris</span> <span class='ocrx_word' id='word_1_223' title='bbox 744 3440 910 3507; x_wconf 90' lang='lat' dir='ltr'>millesimo</span> <span class='ocrx_word' id='word_1_224' title='bbox 933 3441 1224 3528; x_wconf 90' lang='lat' dir='ltr'>quatercentesimo</span> <span class='ocrx_word' id='word_1_225' title='bbox 1247 3448 1353 3505; x_wconf 88' lang='lat' dir='ltr'>octua-</span> 
     </span>
     <span class='ocr_line' id='line_1_30' title="bbox 162 3543 1354 3636; baseline -0.004 -22"><span class='ocrx_word' id='word_1_226' title='bbox 162 3551 284 3636; x_wconf 84' lang='lat' dir='ltr'>gesimo</span> <span class='ocrx_word' id='word_1_227' title='bbox 307 3550 417 3632; x_wconf 87' lang='lat' dir='ltr'>tercio,</span> <span class='ocrx_word' id='word_1_228' title='bbox 440 3548 645 3634; x_wconf 87' lang='lat' dir='ltr'>pontificatus</span> <span class='ocrx_word' id='word_1_229' title='bbox 669 3548 861 3613; x_wconf 84' lang='lat' dir='ltr'>sanctissimi</span> <span class='ocrx_word' id='word_1_230' title='bbox 881 3548 913 3610; x_wconf 93' lang='lat' dir='ltr'>in</span> <span class='ocrx_word' id='word_1_231' title='bbox 928 3545 1056 3612; x_wconf 81' lang='lat' dir='ltr'>Christo</span> <span class='ocrx_word' id='word_1_232' title='bbox 1071 3546 1171 3630; x_wconf 88' lang='lat' dir='ltr'>patris</span> <span class='ocrx_word' id='word_1_233' title='bbox 1188 3553 1220 3609; x_wconf 91' lang='lat' dir='ltr'>et</span> <span class='ocrx_word' id='word_1_234' title='bbox 1235 3543 1354 3610; x_wconf 90' lang='lat' dir='ltr'>domiui</span> 
     </span>
     <span class='ocr_line' id='line_1_31' title="bbox 162 3648 1354 3740; baseline -0.006 -20"><span class='ocrx_word' id='word_1_235' title='bbox 162 3657 271 3739; x_wconf 84' lang='lat' dir='ltr'>nostri,</span> <span class='ocrx_word' id='word_1_236' title='bbox 302 3651 422 3719; x_wconf 91' lang='lat' dir='ltr'>domini</span> <span class='ocrx_word' id='word_1_237' title='bbox 445 3652 528 3719; x_wconf 81' lang='lat' dir='ltr'>sixti</span> <span class='ocrx_word' id='word_1_238' title='bbox 558 3652 668 3718; x_wconf 89' lang='lat' dir='ltr'>divina</span> <span class='ocrx_word' id='word_1_239' title='bbox 698 3651 908 3740; x_wconf 88' lang='lat' dir='ltr'>providencia</span> <span class='ocrx_word' id='word_1_240' title='bbox 936 3672 1020 3737; x_wconf 92' lang='lat' dir='ltr'>pape</span> <span class='ocrx_word' id='word_1_241' title='bbox 1051 3652 1157 3735; x_wconf 86' lang='lat' dir='ltr'>quarti</span> <span class='ocrx_word' id='word_1_242' title='bbox 1187 3670 1272 3714; x_wconf 90' lang='lat' dir='ltr'>anno</span> <span class='ocrx_word' id='word_1_243' title='bbox 1301 3648 1354 3714; x_wconf 93' lang='lat' dir='ltr'>de·</span> 
     </span>
     <span class='ocr_line' id='line_1_32' title="bbox 162 3759 375 3825; baseline 0 -2"><span class='ocrx_word' id='word_1_244' title='bbox 162 3761 243 3825; x_wconf 87' lang='lat' dir='ltr'>oimo</span> <span class='ocrx_word' id='word_1_245' title='bbox 265 3759 375 3824; x_wconf 87' lang='lat' dir='ltr'>tercio.</span> 
     </span>
    </p>
   </div>
   <div class='ocr_carea' id='block_1_3' title="bbox 203 3970 1311 4039">
    <p class='ocr_par' dir='ltr' id='par_1_3' title="bbox 203 3970 1311 4039">
     <span class='ocr_line' id='line_1_33' title="bbox 203 3970 1311 4039; baseline -0.011 0"><span class='ocrx_word' id='word_1_246' title='bbox 203 3971 308 4039; x_wconf 73' lang='lat'><strong>1995.</strong></span> <span class='ocrx_word' id='word_1_247' title='bbox 905 3971 987 4029; x_wconf 71' lang='lat'>1483</span> <span class='ocrx_word' id='word_1_248' title='bbox 1004 3972 1164 4029; x_wconf 80' lang='lat' dir='ltr'>beeemhcr</span> <span class='ocrx_word' id='word_1_249' title='bbox 1182 3970 1210 4036; x_wconf 86' lang='lat' dir='ltr'>l,</span> <span class='ocrx_word' id='word_1_250' title='bbox 1227 3970 1311 4027; x_wconf 79' lang='lat' dir='ltr'>Gran.</span> 
     </span>
    </p>
   </div>
   <div class='ocr_carea' id='block_1_4' title="bbox 164 4157 1358 4440">
    <p class='ocr_par' dir='ltr' id='par_1_4' title="bbox 164 4157 1358 4440">
     <span class='ocr_line' id='line_1_34' title="bbox 164 4157 1358 4245; baseline -0.008 -14"><span class='ocrx_word' id='word_1_251' title='bbox 164 4166 281 4233; x_wconf 72' lang='lat' dir='ltr'>Kaisar</span> <span class='ocrx_word' id='word_1_252' title='bbox 303 4163 474 4229; x_wconf 79' lang='lat' dir='ltr'>Friedrich</span> <span class='ocrx_word' id='word_1_253' title='bbox 488 4163 559 4229; x_wconf 90' lang='lat' dir='ltr'><strong><em>III.</em></strong></span> <span class='ocrx_word' id='word_1_254' title='bbox 582 4164 704 4245; x_wconf 79' lang='lat' dir='ltr'>forderl</span> <span class='ocrx_word' id='word_1_255' title='bbox 719 4162 783 4228; x_wconf 74' lang='lat' dir='ltr'>Aet</span> <span class='ocrx_word' id='word_1_256' title='bbox 799 4160 932 4227; x_wconf 77' lang='lat' dir='ltr'>Erlrcrd</span> <span class='ocrx_word' id='word_1_257' title='bbox 952 4180 993 4224; x_wconf 78' lang='lat' dir='ltr'>aa</span> <span class='ocrx_word' id='word_1_258' title='bbox 1015 4158 1169 4241; x_wconf 74' lang='lat' dir='ltr'>Gdltwcip</span> <span class='ocrx_word' id='word_1_259' title='bbox 1191 4158 1258 4240; x_wconf 77' lang='lat' dir='ltr'>uus</span> <span class='ocrx_word' id='word_1_260' title='bbox 1273 4157 1358 4222; x_wconf 82' lang='lat' dir='ltr'>scine</span> 
     </span>
     <span class='ocr_line' id='line_1_35' title="bbox 164 4261 1357 4351; baseline -0.008 -15"><span class='ocrx_word' id='word_1_261' title='bbox 164 4270 289 4338; x_wconf 81' lang='lat' dir='ltr'>Holden</span> <span class='ocrx_word' id='word_1_262' title='bbox 315 4290 375 4336; x_wconf 75' lang='lat' dir='ltr'>aar</span> <span class='ocrx_word' id='word_1_263' title='bbox 397 4268 612 4351; x_wconf 71' lang='lat' dir='ltr'>Entriclotuap</span> <span class='ocrx_word' id='word_1_264' title='bbox 638 4268 691 4333; x_wconf 82' lang='lat' dir='ltr'>des</span> <span class='ocrx_word' id='word_1_265' title='bbox 718 4266 899 4349; x_wconf 73' lang='lat' dir='ltr'>ecluldiqea</span> <span class='ocrx_word' id='word_1_266' title='bbox 921 4263 1107 4347; x_wconf 71' lang='lat' dir='ltr'>Vopthofcrs</span> <span class='ocrx_word' id='word_1_267' title='bbox 1130 4284 1174 4327; x_wconf 83' lang='lat' dir='ltr'>an</span> <span class='ocrx_word' id='word_1_268' title='bbox 1196 4262 1256 4327; x_wconf 84' lang='lat' dir='ltr'>dua</span> <span class='ocrx_word' id='word_1_269' title='bbox 1278 4261 1357 4327; x_wconf 84' lang='lat' dir='ltr'>Amt</span> 
     </span>
     <span class='ocr_line' id='line_1_36' title="bbox 524 4369 992 4440; baseline -0.011 0"><span class='ocrx_word' id='word_1_270' title='bbox 524 4395 566 4439; x_wconf 75' lang='lat' dir='ltr'>aa</span> <span class='ocrx_word' id='word_1_271' title='bbox 587 4373 768 4440; x_wconf 67' lang='lat' dir='ltr'>Darneteia</span> <span class='ocrx_word' id='word_1_272' title='bbox 790 4369 992 4436; x_wconf 77' lang='lat' dir='ltr'>aaaubeltea.</span> 
     </span>
    </p>
   </div>
   <div class='ocr_carea' id='block_1_5' title="bbox 164 4541 1356 4703">
    <p class='ocr_par' dir='ltr' id='par_1_5' title="bbox 164 4541 1356 4703">
     <span class='ocr_line' id='line_1_37' title="bbox 164 4541 1355 4615; baseline -0.012 -11"><span class='ocrx_word' id='word_1_273' title='bbox 164 4551 243 4607; x_wconf 70' lang='lat'>1994.</span> <span class='ocrx_word' id='word_1_274' title='bbox 266 4550 277 4583; x_wconf 80' lang='lat'><strong>¹</strong></span> <span class='ocrx_word' id='word_1_275' title='bbox 294 4552 376 4604; x_wconf 83' lang='lat' dir='ltr'>Fehlt</span> <span class='ocrx_word' id='word_1_276' title='bbox 386 4550 529 4611; x_wconf 73' lang='lat' dir='ltr'>buitim,</span> <span class='ocrx_word' id='word_1_277' title='bbox 543 4550 630 4601; x_wconf 82' lang='lat' dir='ltr'>Series</span> <span class='ocrx_word' id='word_1_278' title='bbox 639 4564 690 4615; x_wconf 73' lang='lat' dir='ltr'>ep,</span> <span class='ocrx_word' id='word_1_279' title='bbox 703 4549 729 4600; x_wconf 79' lang='grc' dir='ltr'>Β.</span> <span class='ocrx_word' id='word_1_280' title='bbox 743 4547 815 4598; x_wconf 81' lang='lat' dir='ltr'>xlv,</span> <span class='ocrx_word' id='word_1_281' title='bbox 834 4574 867 4585; x_wconf 92' lang='lat'>—</span> <span class='ocrx_word' id='word_1_282' title='bbox 885 4543 897 4575; x_wconf 79' lang='lat'>²</span> <span class='ocrx_word' id='word_1_283' title='bbox 914 4545 991 4596; x_wconf 82' lang='lat' dir='ltr'>Naoh</span> <span class='ocrx_word' id='word_1_284' title='bbox 1003 4544 1064 4595; x_wconf 86' lang='lat' dir='ltr'>dem</span> <span class='ocrx_word' id='word_1_285' title='bbox 1073 4543 1147 4594; x_wconf 77' lang='lat' dir='ltr'>&#39;l&#39;ode</span> <span class='ocrx_word' id='word_1_286' title='bbox 1159 4541 1206 4593; x_wconf 87' lang='lat' dir='ltr'>des</span> <span class='ocrx_word' id='word_1_287' title='bbox 1217 4541 1355 4592; x_wconf 85' lang='lat' dir='ltr'>Bischcfos</span> 
     </span>
     <span class='ocr_line' id='line_1_38' title="bbox 165 4629 1356 4703; baseline -0.012 -12"><span class='ocrx_word' id='word_1_288' title='bbox 165 4641 298 4693; x_wconf 79' lang='lat' dir='ltr'>Pmtusius</span> <span class='ocrx_word' id='word_1_289' title='bbox 320 4654 346 4690; x_wconf 85' lang='lat' dir='ltr'>v.</span> <span class='ocrx_word' id='word_1_290' title='bbox 365 4637 541 4697; x_wconf 80' lang='lat' dir='ltr'>Caemahora,</span> <span class='ocrx_word' id='word_1_291' title='bbox 563 4638 581 4703; x_wconf 89' lang='lat'>†</span> <span class='ocrx_word' id='word_1_292' title='bbox 600 4638 666 4686; x_wconf 75' lang='lat'>1482</span> <span class='ocrx_word' id='word_1_293' title='bbox 687 4636 754 4702; x_wconf 79' lang='lat' dir='ltr'>Aug.</span> <span class='ocrx_word' id='word_1_294' title='bbox 772 4638 813 4695; x_wconf 81' lang='lat'>25,</span> <span class='ocrx_word' id='word_1_295' title='bbox 836 4638 890 4683; x_wconf 84' lang='lat' dir='ltr'>trat</span> <span class='ocrx_word' id='word_1_296' title='bbox 907 4635 969 4683; x_wconf 87' lang='lat' dir='ltr'>eine</span> <span class='ocrx_word' id='word_1_297' title='bbox 987 4632 1097 4697; x_wconf 65' lang='lat' dir='ltr'>lingere</span> <span class='ocrx_word' id='word_1_298' title='bbox 1115 4629 1294 4681; x_wconf 79' lang='lat' dir='ltr'>Sedisvacann</span> <span class='ocrx_word' id='word_1_299' title='bbox 1312 4629 1356 4679; x_wconf 86' lang='lat' dir='ltr'>eiu</span> 
     </span>
    </p>
   </div>
   <div class='ocr_carea' id='block_1_6' title="bbox 166 4724 570 4796">
    <p class='ocr_par' dir='ltr' id='par_1_6' title="bbox 166 4724 570 4796">
     <span class='ocr_line' id='line_1_39' title="bbox 166 4724 570 4796; baseline -0.02 -14"><span class='ocrx_word' id='word_1_300' title='bbox 166 4725 264 4796; x_wconf 76' lang='lat' dir='ltr'>(Gema,</span> <span class='ocrx_word' id='word_1_301' title='bbox 283 4727 372 4779; x_wconf 82' lang='lat' dir='ltr'>Series</span> <span class='ocrx_word' id='word_1_302' title='bbox 389 4741 442 4792; x_wconf 74' lang='lat' dir='ltr'>ep,</span> <span class='ocrx_word' id='word_1_303' title='bbox 459 4724 485 4776; x_wconf 83' lang='lat' dir='ltr'>S.</span> <span class='ocrx_word' id='word_1_304' title='bbox 499 4725 570 4791; x_wconf 73' lang='lat'><strong>298).</strong></span> 
     </span>
    </p>
   </div>
   <div class='ocr_carea' id='block_1_7' title="bbox 0 0 1697 5300">
    <p class='ocr_par' dir='ltr' id='par_1_7' title="bbox 0 0 1697 5300">
     <span class='ocr_line' id='line_1_40' title="bbox 0 0 1697 5300; baseline 0 0"><span class='ocrx_word' id='word_1_305' title='bbox 0 0 1697 5300; x_wconf 95' lang='lat' dir='ltr'> </span> 
     </span>
    </p>
   </div>
  </div>
 </body>
</html>
