3388 5302
318 384 379 450 150

359 576 458 644 1933.
1217 581 1300 639 1480
1315 581 1396 639 Μαι-ι
1411 581 1463 640 22.

418 767 536 849 Propst
558 767 691 833 Jotann
719 789 760 832 aa
786 766 903 832 Sannd
924 749 1088 849 Yppouten
1117 768 1278 832 oidimicrt
1308 768 1374 849 aas
1395 767 1509 832 Biton

315 873 368 937 des
397 872 494 937 Actes
523 871 688 937 Loreontr
717 892 790 936 aum
821 869 975 955 Gottweiy
1005 873 1057 936 dic
1085 870 1151 936 ilem
1180 891 1242 935 ooo
1269 871 1441 936 demselben
1463 873 1509 935 im

316 975 464 1060 Orlpiaol
485 977 552 1058 auf
560 976 681 1058 Popier
702 977 762 1041 mit
781 976 1038 1060 oafyedm'tolttem
1053 974 1157 1059 Sicpel
1175 974 1345 1059 vorpeleyte
1359 975 1509 1043 Urtaode

315 1102 364 1145 ⁷³⁷·
389 1082 554 1268 wigldpler:
577 1185 692 1271 Propst
714 1184 845 1251 Johann
867 1208 908 1249 zu
930 1183 1043 1250 Sannd
1065 1167 1250 1270 Yppdllten.

419 1288 558 1355 Datum:
571 1288 686 1355 Geben
698 1312 741 1354 an
753 1290 906 1354 mitichen
918 1311 977 1354 vor
989 1287 1064 1354 dem
1075 1287 1214 1375 heiligen
1226 1287 1370 1374 palmtag
1381 1287 1506 1374 (1480).

418 1481 501 1548 orig„
518 1482 596 1548 Perg.
633 1482 759 1534 Deutsch.
795 1481 886 1550 Siegel
903 1499 956 1533 von
974 1481 1180 1549 Perg.-Streifcn
1199 1481 1359 1549 abgefallen.

360 1724 460 1792 1934.
1049 1731 1463 1805 ilsontnasstnourg.

314 1917 383 1982 Der
398 1918 504 1983 Notor
518 1919 676 1985 Erasmus
691 1917 805 1985 Wc'irer
824 1919 1017 1985 centenno
1032 1919 1084 1983 die
1098 1916 1303 1984 Publiootion
1317 1920 1373 1984 der
1386 1919 1507 2001 Appet-

314 2023 417 2088 lalioo
443 2025 496 2089 des
518 2024 680 2089 Possaucr
703 2024 917 2106 Domcopltels
938 2045 1033 2108 peperi
1055 2025 1107 2089 die
1128 2023 1328 2108 baconuap
1350 2025 1403 2090 dea
1426 2023 1507 2091 Gor·

315 2127 424 2193 diocle
453 2128 556 2213 Geory
584 2149 644 2193 oon
674 2129 810 2195 Hdselcr
846 2150 919 2194 eom
949 2128 1099 2212 Bisoltofe
1127 2149 1188 2193 ooo
1219 2127 1346 2195 Porsen
1378 2150 1423 2194 oar
1456 2130 1508 2193 die

314 2232 466 2299 rancato
488 2230 585 2299 Oion
607 2254 651 2298 an
672 2233 730 2298 der
744 2233 933 2300 Domltirche
954 2255 995 2298 zu
1010 2234 1137 2300 Poseou
1159 2234 1227 2299 aad
1247 2254 1292 2298 on
1313 2233 1370 2298 der
1385 2235 1507 2300 Metro·

667 2338 901 2420 politoalo'srclee
922 2360 963 2403 su
985 2339 1150 2421 Solsborp.

418 2512 502 2580 Copie
520 2515 548 2564 in
567 2513 666 2565 Gonu
689 2515 778 2565 f.106.

419 2668 457 2733 In
481 2671 608 2734 nomine
627 2669 760 2752 domini3
784 2691 888 2733 amen.
920 2670 1016 2734 Anno
1032 2693 1051 2734 a
1068 2673 1233 2736 nativitate
1249 2670 1395 2736 eiusdem
1410 2670 1507 2736 mille·

315 2776 395 2839 simo
425 2772 741 2860 quadringentesimo
772 2775 997 2857 octuagesimo,
1029 2773 1202 2839 indictione
1232 2774 1418 2859 tredecima,
1455 2775 1508 2841 die

314 2900 393 2944 vero
427 2878 500 2942 solis
535 2877 727 2943 duodecima
761 2881 879 2944 mensis
912 2882 1023 2944 marcii
1056 2878 1170 2963 (Moira
1195 2880 1264 2966 12),
1302 2879 1507 2965 pontificatus

315 2984 505 3048 sanctissimi
534 2985 567 3047 in
591 2983 718 3049 Christo
749 2985 849 3071 patris
879 2992 912 3049 et
938 2983 1058 3050 domini
1080 2987 1190 3060 nostri,
1214 2984 1334 3049 domini
1357 2984 1440 3050 sixti
1463 2983 1507 3049 di·

315 3090 391 3153 vina
423 3087 632 3174 providencia
662 3111 746 3175 pape
775 3091 879 3175 quarti
903 3111 987 3154 anno
1009 3110 1093 3154 nono
1116 3112 1174 3176 pro
1197 3099 1289 3176 parte
1311 3089 1508 3155 venerabilis

314 3194 346 3257 in
378 3191 504 3257 Christo
534 3195 634 3278 patris
666 3192 784 3257 domini
807 3193 972 3258 Valentini
1001 3193 1197 3280 Pernpeckh
1228 3193 1343 3258 decani
1373 3195 1445 3258 vice
1476 3202 1508 3258 et

314 3298 443 3362 nomine
472 3297 666 3362 venerabilis
697 3298 828 3383 capituli
858 3298 993 3363 ecclesie
1016 3299 1217 3364 Pataviensis
1247 3308 1326 3363 tunc
1355 3298 1507 3384 capitula·

314 3404 391 3466 riter
414 3404 600 3487 congregati
622 3425 662 3466 ac
685 3404 861 3489 capitulum
883 3403 1039 3468 facientes
1063 3412 1095 3467 et
1116 3411 1375 3488 representantes
1390 3404 1507 3488 princi·

313 3506 434 3592 palium
464 3509 497 3572 in
528 3509 732 3593 retroscripto
755 3507 984 3594 appellacionis
1006 3507 1136 3594 publico
1158 3511 1370 3572 instrumento
1392 3509 1506 3592 princi·

314 3611 429 3697 paliter
459 3613 692 3677 nominatorum
721 3613 875 3698 legittime
905 3614 1077 3699 requisitus
1100 3634 1161 3698 ego
1183 3612 1338 3676 Erasmus
1356 3611 1505 3695 Wuerer,

314 3714 463 3800 publicus
487 3737 580 3780 sacra
602 3716 758 3803 imperiali
781 3719 971 3781 auctoritate
986 3718 1129 3781 notarius
1145 3716 1377 3801 infrascriptae,
1400 3718 1506 3780 animo

314 3827 347 3882 et
369 3821 549 3884 intencione
573 3820 754 3885 insinuandi
777 3821 965 3886 notificandi
988 3831 1019 3885 et
1040 3819 1228 3907 publicandi
1251 3819 1349 3885 acad
1366 3822 1507 3885 omnium

315 3933 347 3988 et
377 3923 583 4011 singulorum,
615 3946 750 4011 quorum
780 3928 915 3991 interest
943 3926 1088 3990 intererit
1117 3935 1174 3991 aut
1200 3927 1357 3990 interesse
1380 3926 1506 4011 poterit,

315 4028 555 4114 quomodolibet
576 4030 609 4095 in
631 4029 774 4095 futurum
797 4032 949 4095 noticiam
971 4029 1185 4095 indubitatam
1208 4028 1393 4095 deducendi
1409 4039 1506 4093 retro

316 4135 470 4218 scriptum
494 4134 722 4221 appellacionis
744 4135 910 4220 publicum
933 4137 1181 4199 instrumentum
1203 4134 1307 4199 valvis
1331 4156 1388 4198 scu
1407 4136 1506 4219 portis

315 4240 442 4302 maioris
466 4239 601 4304 ecclesie
617 4241 816 4305 Pataviensis
839 4239 969 4326 publice
991 4240 1083 4305 affixi
1105 4242 1276 4326 ipsumque
1298 4239 1360 4303 sub
1382 4260 1506 4304 summo

315 4342 420 4406 officio
442 4341 512 4409 eliis
536 4343 718 4410 divinarum
740 4345 892 4410 horarum
915 4344 1075 4410 solemniis
1095 4354 1180 4408 stare
1196 4345 1327 4430 permisi
1342 4346 1395 4426 ita,
1420 4342 1506 4428 quod

314 4470 334 4513 a
363 4448 622 4534 pretereuntibus
652 4449 756 4514 videri
786 4460 911 4536 poterat
937 4459 969 4514 et
990 4449 1065 4535 legi,
1089 4452 1228 4535 peractis
1252 4447 1369 4513 divinis
1392 4447 1506 4512 officiis

313 4552 399 4618 idem
429 4555 670 4639 retroscriptum
701 4553 867 4639 publicum
896 4557 1142 4619 instrumentum
1173 4552 1214 4617 de
1245 4551 1368 4617 eisdem
1401 4550 1506 4616 valvis

314 4659 418 4722 amovi
446 4666 478 4722 et
505 4656 640 4745 deposui
663 4660 761 4744 copiis
785 4658 908 4724 collatis
931 4660 1008 4723 ratis
1032 4668 1063 4723 et
1085 4680 1145 4744 per
1167 4679 1219 4722 me
1243 4655 1414 4742 diligenter
1436 4677 1506 4721 aus·
