3406 5300
319 359 384 425 342

320 553 526 618 minationem
557 561 698 617 vestram
728 550 762 615 id
791 550 937 616 obtinere
968 552 1137 636 contigerit
1167 560 1199 615 et
1228 551 1369 615 maximo
1397 559 1430 614 et
1456 552 1513 613 im-

321 656 447 722 mortali
473 655 630 721 beneficio
654 678 711 722 nos
735 655 880 721 devictos
904 677 975 720 esse
997 663 1153 741 perpetuo
1177 654 1415 738 arbitrabimur,
1439 676 1512 718 cum

320 770 428 826 nostro
459 761 571 826 honori
602 770 635 825 ct
663 760 790 825 utilitati
820 762 1003 825 monasterii
1033 771 1273 847 perpetuaeque
1305 761 1429 845 accepti
1461 757 1515 823 do·

322 867 504 932 minationis
533 874 662 931 vestrae
693 864 843 930 beneficii
872 867 1047 930 memoriae
1076 863 1139 929 boc
1169 886 1233 929 uno
1260 885 1393 929 munere
1417 885 1515 949 quam

323 973 442 1057 optime
464 994 484 1035 a
508 970 722 1036 dominatione
745 979 854 1035 vestra
876 969 1056 1036 consultum
1079 973 1148 1034 erit.
1171 969 1242 1034 Nec
1264 989 1322 1033 nos
1345 970 1516 1055 protentis

324 1098 403 1164 erge
424 1097 482 1141 uos
505 1075 672 1141 beneficiis
694 1078 838 1161 ingratos
860 1084 916 1141 aut
938 1077 1151 1158 immemores,
1176 1084 1212 1138 ut
1234 1073 1380 1160 plerique
1402 1072 1516 1157 solent,

324 1181 497 1247 dominatio
527 1190 637 1246 vestra
667 1183 817 1267 reperiet,
848 1179 906 1245 sed
937 1182 1041 1267 potius
1072 1178 1221 1244 dabimus
1251 1181 1346 1243 enixe
1374 1200 1517 1264 operam,

324 1308 365 1351 ne
396 1285 461 1351 ulla
491 1296 672 1372 temporum
702 1284 805 1371 caligo
835 1287 879 1349 ita
907 1306 1048 1372 unquam
1072 1306 1115 1348 ex
1138 1293 1245 1348 nostro
1269 1282 1390 1348 delebit
1410 1283 1518 1346 animo

325 1400 423 1476 atque
454 1389 548 1455 simul
571 1392 602 1455 in
627 1389 697 1454 dies
719 1392 822 1475 magis
845 1398 942 1475 atque
965 1392 1068 1475 magis
1092 1410 1171 1475 erga
1194 1386 1443 1452 dominationem
1465 1407 1521 1450 ve

325 1504 425 1560 stram
456 1495 682 1560 observantiae
710 1494 857 1559 cumulus
884 1492 1064 1579 augeatur,
1077 1516 1139 1580 quo
1163 1515 1221 1559 nos
1245 1490 1520 1558 commendatissi-

327 1622 395 1664 mos
422 1599 634 1664 redderemus
662 1608 758 1685 atque
782 1598 824 1664 ad
848 1601 981 1686 quaeris
1004 1598 1159 1685 obsequia
1181 1598 1410 1684 paratissimos.
1457 1595 1520 1660 Va-

327 1704 418 1770 leatis
442 1713 503 1769 etc.

372 1930 475 1998 2183.
1064 1936 1147 1995 1498
1164 1936 1339 2011 September
1350 1935 1380 2001 3,
1396 1935 1477 1993 Rom.

329 2122 432 2205 Papst
453 2121 636 2188 Alexander
650 2122 706 2189 VI.
732 2123 913 2205 beaattroqt
935 2124 997 2187 dea
1012 2124 1078 2189 Abt
1098 2143 1159 2187 voa
1179 2122 1276 2203 Metto,
1300 2123 1361 2187 den
1376 2120 1524 2187 Decboat

329 2227 397 2291 cenet
426 2227 487 2291 dea
509 2224 689 2292 canonias
719 2228 772 2292 des
794 2227 920 2293 Wiener
943 2226 1084 2311 (lapitels
1107 2226 1277 2292 Lecnbord
1298 2225 1450 2308 Wutfiap,
1472 2224 1526 2289 die

330 2330 692 2415 Processaupetepealeit
724 2332 877 2397 teutschen
909 2332 979 2397 den
1008 2331 1159 2415 Bisctwfe
1189 2330 1432 2413 Christopborus
1465 2349 1526 2395 oon

332 2435 459 2500 Passoa
489 2436 557 2500 aad
587 2435 696 2501 descen
717 2433 945 2517 Weibbiscbofc
973 2436 1134 2501 aestate
1160 2436 1229 2501 uad
1250 2436 1320 2500 dem
1343 2436 1424 2501 Abte
1447 2434 1526 2500 Mo·

375 2540 504 2606 tbiosl.
527 2560 588 2606 von
610 2538 764 2623 Gtttweip
786 2541 998 2606 oadcrersetts
1019 2539 1179 2606 aocbmots
1201 2561 1242 2605 eu
1263 2540 1481 2606 waterstetm.

436 2714 527 2781 Copia,
546 2716 612 2782 Pap.

436 2838 518 2888 Diese
537 2837 674 2888 Abecbritt
695 2839 730 2888 ist
747 2836 920 2905 gleichzeitig
942 2839 991 2888 mit
1013 2837 1074 2888 dem
1092 2837 1232 2904 Originale
1251 2838 1305 2889 und
1323 2836 1456 2889 vendam
1475 2837 1528 2889 No·

331 2932 390 2974 tare
416 2923 525 2973 Johann
553 2924 771 2991 Tettenhaymer,
799 2924 920 2974 Cleriker
947 2924 995 2974 der
1021 2925 1182 2991 Salzburger
1204 2926 1327 2988 Dioceee,
1352 2925 1393 2976 ale
1415 2924 1529 2977 anthon-

333 3011 402 3062 tisoh
421 3010 530 3062 erkliirt.

438 3166 627 3232 Alexander
657 3170 837 3253 episcopus,
872 3189 985 3232 servus
1016 3190 1183 3234 servorum
1213 3166 1265 3232 dei
1296 3166 1421 3233 dilectis
1455 3167 1529 3231 filiis

334 3271 445 3338 abbati
476 3274 659 3338 monasterii
682 3272 865 3337 Melitensis
887 3272 1089 3338 Pataviensis
1120 3273 1256 3338 diocesis
1286 3282 1319 3338 et
1341 3271 1465 3338 decano
1488 3294 1529 3338 ac

335 3376 530 3442 Leonhardo
551 3376 709 3462 thfing,
741 3380 896 3442 canonico
926 3377 1063 3443 ecclesie
1086 3378 1303 3462 Wiennensis,
1334 3376 1470 3443 salutem
1498 3387 1531 3442 et

335 3481 544 3568 apostolicam
574 3481 841 3548 benedictionem.
886 3482 1072 3548 Humilibus
1102 3482 1261 3568 suplicum
1287 3484 1370 3547 votis
1392 3480 1531 3546 libenter

336 3588 508 3651 annuimus
531 3607 635 3674 eaque
658 3586 824 3652 favoribus
846 3589 1071 3674 prosequimur
1094 3589 1268 3673 oportunis.
1313 3585 1470 3651 Exhibita
1492 3589 1531 3651 si·

336 3689 468 3776 quidem
500 3689 592 3756 nobis
623 3712 727 3777 nuper
753 3712 811 3777 pro
834 3699 926 3778 perte
949 3690 1057 3756 dilecti
1080 3690 1137 3756 filii
1160 3690 1292 3775 Methie,
1316 3689 1445 3756 abbatis
1467 3712 1531 3755 mo·

337 3796 469 3859 nasterii
495 3794 591 3860 beate
614 3795 718 3860 Mario
742 3796 955 3861 Gotwicensis
978 3795 1098 3862 ordinis
1121 3798 1221 3861 sancti
1245 3795 1415 3861 Benedicti
1438 3795 1531 3860 Pata-

337 3900 457 3964 viensis
488 3897 623 3965 diocesis
653 3901 770 3985 peticio
801 3899 994 3984 continebat,
1025 3899 1111 3988 quod
1134 3900 1218 3983 olim,
1241 3908 1413 3986 postquam
1435 3922 1531 3966 vene

337 4001 447 4069 rabilis
469 4003 570 4069 frater
592 4014 701 4069 noster
716 4003 921 4071 Oristofferus
941 4006 1112 4091 episcopus
1127 4006 1330 4070 Pataviensis
1351 4002 1532 4071 addictum

338 4110 567 4173 monasterium
590 4131 689 4174 causa
712 4108 791 4175 illud
811 4109 961 4175 visitandi
976 4119 1161 4175 accesserat
1176 4119 1209 4175 et
1223 4110 1410 4174 visitacione
1426 4108 1533 4176 huius·

338 4210 425 4276 modi
458 4214 588 4299 incepta
621 4215 727 4301 ipsum
760 4213 925 4298 abbatem,
956 4224 992 4280 ut
1020 4217 1167 4300 regimini
1198 4224 1230 4280 et
1259 4212 1534 4279 administracioni

340 4316 417 4382 dicti
447 4319 633 4384 monasterii
662 4321 694 4385 in
724 4321 789 4385 suis
821 4319 971 4385 manibus
1001 4318 1140 4403 cederet,
1161 4320 1293 4406 requiri
1323 4340 1362 4384 ac
1388 4321 1534 4385 incerta

339 4420 542 4487 habitacione
571 4424 640 4488 sive
663 4445 793 4490 camera
815 4447 874 4512 per
896 4426 997 4511 ipsius
1020 4425 1161 4510 episcopi
1183 4423 1357 4490 familiares
1380 4422 1534 4489 custodiri

339 4526 463 4592 fecerat
493 4537 525 4592 et
555 4526 690 4594 dilectus
719 4529 814 4614 filius,
849 4528 1021 4595 modernus
1056 4530 1244 4613 capitaneus
1274 4531 1359 4594 arcis
1388 4527 1533 4594 eiusdem

340 4632 523 4695 monasterii
547 4630 668 4698 dictum
691 4632 845 4698 abbatem
869 4635 1104 4698 incarceratum
1128 4654 1198 4697 csse
1222 4632 1402 4717 intelligens
1423 4656 1462 4698 ac
1477 4632 1534 4699 ubi
