<?xml version="1.0" encoding="UTF-8"?>
<!DOCTYPE html PUBLIC "-//W3C//DTD XHTML 1.0 Transitional//EN"
    "http://www.w3.org/TR/xhtml1/DTD/xhtml1-transitional.dtd">
<html xmlns="http://www.w3.org/1999/xhtml" xml:lang="en" lang="en">
 <head>
  <title>
</title>
<meta http-equiv="Content-Type" content="text/html;charset=utf-8" />
  <meta name='ocr-system' content='tesseract 3.04.00' />
  <meta name='ocr-capabilities' content='ocr_page ocr_carea ocr_par ocr_line ocrx_word'/>
</head>
<body>
  <div class='ocr_page' id='page_1' title='image "./fontesrerumaust13unkngoog_0953.png"; bbox 0 0 3356 5306; ppageno 0'>
   <div class='ocr_carea' id='block_1_1' title="bbox 1305 416 1367 482">
    <p class='ocr_par' dir='ltr' id='par_1_1' title="bbox 1305 416 1367 482">
     <span class='ocr_line' id='line_1_1' title="bbox 1305 416 1367 482; baseline -0.065 1"><span class='ocrx_word' id='word_1_1' title='bbox 1305 416 1367 482; x_wconf 76' lang='lat'><strong>937</strong></span> 
     </span>
    </p>
   </div>
   <div class='ocr_carea' id='block_1_2' title="bbox 174 606 1372 1196">
    <p class='ocr_par' dir='ltr' id='par_1_2' title="bbox 174 606 1372 1196">
     <span class='ocr_line' id='line_1_2' title="bbox 281 606 1369 695; baseline 0.002 -23"><span class='ocrx_word' id='word_1_2' title='bbox 281 606 526 673; x_wconf 86' lang='lat' dir='ltr'><strong>Bartholomcus</strong></span> <span class='ocrx_word' id='word_1_3' title='bbox 546 631 566 671; x_wconf 84' lang='lat' dir='ltr'><strong>a</strong></span> <span class='ocrx_word' id='word_1_4' title='bbox 585 607 736 672; x_wconf 84' lang='lat' dir='ltr'><strong>Cataneis</strong></span> <span class='ocrx_word' id='word_1_5' title='bbox 757 609 936 693; x_wconf 85' lang='lat' dir='ltr'><strong>prepositus</strong></span> <span class='ocrx_word' id='word_1_6' title='bbox 956 607 1261 693; x_wconf 85' lang='lat' dir='ltr'><strong>Hertzoburgensis,</strong></span> <span class='ocrx_word' id='word_1_7' title='bbox 1281 612 1369 695; x_wconf 71' lang='lat' dir='ltr'><strong>regn&#39;e</strong></span> 
     </span>
     <span class='ocr_line' id='line_1_3' title="bbox 178 710 1372 798; baseline 0.002 -21"><span class='ocrx_word' id='word_1_8' title='bbox 178 714 352 777; x_wconf 85' lang='lat' dir='ltr'><strong>maiestatis</strong></span> <span class='ocrx_word' id='word_1_9' title='bbox 377 710 584 795; x_wconf 82' lang='lat' dir='ltr'><strong>consiliarius,</strong></span> <span class='ocrx_word' id='word_1_10' title='bbox 608 713 662 798; x_wconf 88' lang='lat' dir='ltr'><strong>qui</strong></span> <span class='ocrx_word' id='word_1_11' title='bbox 682 735 702 775; x_wconf 90' lang='lat' dir='ltr'><strong>a</strong></span> <span class='ocrx_word' id='word_1_12' title='bbox 722 711 868 796; x_wconf 89' lang='lat' dir='ltr'><strong>predicta</strong></span> <span class='ocrx_word' id='word_1_13' title='bbox 888 713 978 794; x_wconf 83' lang='lat' dir='ltr'><strong>regia</strong></span> <span class='ocrx_word' id='word_1_14' title='bbox 998 715 1164 777; x_wconf 88' lang='lat' dir='ltr'><strong>maiestate</strong></span> <span class='ocrx_word' id='word_1_15' title='bbox 1186 717 1372 779; x_wconf 86' lang='lat' dir='ltr'><strong>monasterii</strong></span> 
     </span>
     <span class='ocr_line' id='line_1_4' title="bbox 176 816 1371 905; baseline 0.001 -22"><span class='ocrx_word' id='word_1_16' title='bbox 176 818 394 883; x_wconf 83' lang='lat' dir='ltr'><strong>Gottuicensis</strong></span> <span class='ocrx_word' id='word_1_17' title='bbox 416 838 528 881; x_wconf 89' lang='lat' dir='ltr'><strong>mense</strong></span> <span class='ocrx_word' id='word_1_18' title='bbox 551 816 769 881; x_wconf 76' lang='lat' dir='ltr'><strong>novembris⁴⁷</strong></span> <span class='ocrx_word' id='word_1_19' title='bbox 793 839 877 881; x_wconf 87' lang='lat' dir='ltr'><strong>anno</strong></span> <span class='ocrx_word' id='word_1_20' title='bbox 898 816 1018 881; x_wconf 89' lang='lat' dir='ltr'><strong>domini</strong></span> <span class='ocrx_word' id='word_1_21' title='bbox 1038 816 1187 882; x_wconf 86' lang='lat' dir='ltr'>MDLVI</span> <span class='ocrx_word' id='word_1_22' title='bbox 1208 819 1241 883; x_wconf 90' lang='lat' dir='ltr'><strong>in</strong></span> <span class='ocrx_word' id='word_1_23' title='bbox 1261 841 1371 905; x_wconf 91' lang='lat' dir='ltr'><strong>super·</strong></span> 
     </span>
     <span class='ocr_line' id='line_1_5' title="bbox 175 919 1371 1006; baseline 0.003 -20"><span class='ocrx_word' id='word_1_24' title='bbox 175 920 395 986; x_wconf 77' lang='lat' dir='ltr'><strong>intendentem</strong></span> <span class='ocrx_word' id='word_1_25' title='bbox 423 923 612 985; x_wconf 89' lang='lat' dir='ltr'><strong>constitutus</strong></span> <span class='ocrx_word' id='word_1_26' title='bbox 635 930 685 986; x_wconf 91' lang='lat' dir='ltr'><strong>est</strong></span> <span class='ocrx_word' id='word_1_27' title='bbox 707 930 739 984; x_wconf 94' lang='lat' dir='ltr'><strong>et</strong></span> <span class='ocrx_word' id='word_1_28' title='bbox 761 920 905 1005; x_wconf 86' lang='lat' dir='ltr'><strong>regendo</strong></span> <span class='ocrx_word' id='word_1_29' title='bbox 933 919 1042 985; x_wconf 91' lang='lat' dir='ltr'><strong>domui</strong></span> <span class='ocrx_word' id='word_1_30' title='bbox 1069 924 1101 986; x_wconf 89' lang='lat' dir='ltr'><strong>in</strong></span> <span class='ocrx_word' id='word_1_31' title='bbox 1129 925 1371 1006; x_wconf 85' lang='lat' dir='ltr'><strong>sexagesimum</strong></span> 
     </span>
     <span class='ocr_line' id='line_1_6' title="bbox 174 1023 1370 1111; baseline 0.002 -21"><span class='ocrx_word' id='word_1_32' title='bbox 174 1027 303 1090; x_wconf 85' lang='lat' dir='ltr'><strong>tertium</strong></span> <span class='ocrx_word' id='word_1_33' title='bbox 333 1047 452 1089; x_wconf 83' lang='lat' dir='ltr'><strong>annum</strong></span> <span class='ocrx_word' id='word_1_34' title='bbox 483 1045 587 1110; x_wconf 87' lang='lat' dir='ltr'><strong>usque</strong></span> <span class='ocrx_word' id='word_1_35' title='bbox 613 1023 657 1089; x_wconf 89' lang='lat' dir='ltr'><strong>ad</strong></span> <span class='ocrx_word' id='word_1_36' title='bbox 685 1024 805 1089; x_wconf 90' lang='lat' dir='ltr'><strong>obitum</strong></span> <span class='ocrx_word' id='word_1_37' title='bbox 814 1023 843 1063; x_wconf 78' lang='lat'><strong>⁴⁸</strong></span> <span class='ocrx_word' id='word_1_38' title='bbox 872 1026 958 1089; x_wconf 81' lang='lat' dir='ltr'><strong>vitae</strong></span> <span class='ocrx_word' id='word_1_39' title='bbox 989 1047 1067 1090; x_wconf 90' lang='lat' dir='ltr'><strong>suae</strong></span> <span class='ocrx_word' id='word_1_40' title='bbox 1096 1025 1247 1111; x_wconf 79' lang='lat' dir='ltr'><strong>praefuit,</strong></span> <span class='ocrx_word' id='word_1_41' title='bbox 1279 1029 1370 1092; x_wconf 89' lang='lat' dir='ltr'><strong>cuius</strong></span> 
     </span>
     <span class='ocr_line' id='line_1_7' title="bbox 175 1129 641 1196; baseline 0 0"><span class='ocrx_word' id='word_1_42' title='bbox 175 1131 283 1196; x_wconf 90' lang='lat' dir='ltr'><strong>anima</strong></span> <span class='ocrx_word' id='word_1_43' title='bbox 305 1129 433 1194; x_wconf 92' lang='lat' dir='ltr'><strong>domino</strong></span> <span class='ocrx_word' id='word_1_44' title='bbox 458 1129 518 1194; x_wconf 87' lang='lat' dir='ltr'><strong>deo</strong></span> <span class='ocrx_word' id='word_1_45' title='bbox 542 1130 641 1196; x_wconf 82' lang='lat' dir='ltr'><strong>vivat.</strong></span> 
     </span>
    </p>
   </div>
   <div class='ocr_carea' id='block_1_3' title="bbox 172 1251 1375 3637">
    <p class='ocr_par' dir='ltr' id='par_1_3' title="bbox 172 1251 1375 3637">
     <span class='ocr_line' id='line_1_8' title="bbox 278 1251 1370 1338; baseline 0.001 -22"><span class='ocrx_word' id='word_1_46' title='bbox 278 1252 486 1317; x_wconf 78' lang='lat' dir='ltr'><strong>Postmodum</strong></span> <span class='ocrx_word' id='word_1_47' title='bbox 502 1251 702 1316; x_wconf 84' lang='lat' dir='ltr'><strong>reverendus</strong></span> <span class='ocrx_word' id='word_1_48' title='bbox 717 1261 809 1338; x_wconf 90' lang='lat' dir='ltr'><strong>pater</strong></span> <span class='ocrx_word' id='word_1_49' title='bbox 824 1274 865 1317; x_wconf 87' lang='lat' dir='ltr'><strong>ac</strong></span> <span class='ocrx_word' id='word_1_50' title='bbox 882 1251 1042 1336; x_wconf 88' lang='lat' dir='ltr'><strong>dominus,</strong></span> <span class='ocrx_word' id='word_1_51' title='bbox 1063 1251 1211 1317; x_wconf 90' lang='lat' dir='ltr'><strong>dominus</strong></span> <span class='ocrx_word' id='word_1_52' title='bbox 1228 1252 1370 1318; x_wconf 86' lang='lat' dir='ltr'><strong>Michacl</strong></span> 
     </span>
     <span class='ocr_line' id='line_1_9' title="bbox 176 1355 1371 1443; baseline 0.001 -22"><span class='ocrx_word' id='word_1_53' title='bbox 176 1355 328 1421; x_wconf 88' lang='lat' dir='ltr'><strong>Herrlich</strong></span> <span class='ocrx_word' id='word_1_54' title='bbox 352 1379 394 1420; x_wconf 83' lang='lat' dir='ltr'><strong>cx</strong></span> <span class='ocrx_word' id='word_1_55' title='bbox 417 1356 512 1443; x_wconf 90' lang='lat' dir='ltr'><strong>opido</strong></span> <span class='ocrx_word' id='word_1_56' title='bbox 535 1355 722 1422; x_wconf 87' lang='lat' dir='ltr'><strong>Weinhaim</strong></span> <span class='ocrx_word' id='word_1_57' title='bbox 745 1355 945 1421; x_wconf 86' lang='lat' dir='ltr'><strong>Palatinatus</strong></span> <span class='ocrx_word' id='word_1_58' title='bbox 967 1356 1132 1438; x_wconf 80' lang='lat' dir='ltr'><strong>oriundus,</strong></span> <span class='ocrx_word' id='word_1_59' title='bbox 1162 1360 1216 1443; x_wconf 90' lang='lat' dir='ltr'><strong>qui</strong></span> <span class='ocrx_word' id='word_1_60' title='bbox 1240 1368 1276 1422; x_wconf 93' lang='lat' dir='ltr'><strong>ut</strong></span> <span class='ocrx_word' id='word_1_61' title='bbox 1298 1380 1371 1422; x_wconf 92' lang='lat' dir='ltr'><strong>con·</strong></span> 
     </span>
     <span class='ocr_line' id='line_1_10' title="bbox 177 1459 1371 1548; baseline 0.002 -23"><span class='ocrx_word' id='word_1_62' title='bbox 177 1459 336 1526; x_wconf 87' lang='lat' dir='ltr'><strong>ventualis</strong></span> <span class='ocrx_word' id='word_1_63' title='bbox 365 1459 559 1525; x_wconf 88' lang='lat' dir='ltr'><strong>Mellicensis</strong></span> <span class='ocrx_word' id='word_1_64' title='bbox 587 1460 760 1547; x_wconf 84' lang='lat' dir='ltr'><strong>parochiae</strong></span> <span class='ocrx_word' id='word_1_65' title='bbox 787 1463 821 1525; x_wconf 92' lang='lat' dir='ltr'><strong>in</strong></span> <span class='ocrx_word' id='word_1_66' title='bbox 849 1460 1055 1547; x_wconf 84' lang='lat' dir='ltr'><strong>Rauelspach</strong></span> <span class='ocrx_word' id='word_1_67' title='bbox 1082 1461 1168 1526; x_wconf 91' lang='lat' dir='ltr'><strong>bene</strong></span> <span class='ocrx_word' id='word_1_68' title='bbox 1196 1474 1371 1548; x_wconf 79' lang='lat' dir='ltr'><strong>praeesset,</strong></span> 
     </span>
     <span class='ocr_line' id='line_1_11' title="bbox 177 1564 1371 1652; baseline 0.002 -23"><span class='ocrx_word' id='word_1_69' title='bbox 177 1565 328 1630; x_wconf 82' lang='lat' dir='ltr'><strong>mandato</strong></span> <span class='ocrx_word' id='word_1_70' title='bbox 358 1568 559 1651; x_wconf 89' lang='lat' dir='ltr'><strong>imperatoris</strong></span> <span class='ocrx_word' id='word_1_71' title='bbox 589 1564 789 1630; x_wconf 82' lang='lat' dir='ltr'><strong>Ferdinandi</strong></span> <span class='ocrx_word' id='word_1_72' title='bbox 819 1565 975 1631; x_wconf 74' lang='lat' dir='ltr'><strong>secundiy</strong></span> <span class='ocrx_word' id='word_1_73' title='bbox 1005 1568 1212 1651; x_wconf 88' lang='lat' dir='ltr'><strong>omniumque</strong></span> <span class='ocrx_word' id='word_1_74' title='bbox 1243 1577 1371 1652; x_wconf 90' lang='lat' dir='ltr'><strong>patrum</strong></span> 
     </span>
     <span class='ocr_line' id='line_1_12' title="bbox 176 1668 1373 1736; baseline 0.002 -3"><span class='ocrx_word' id='word_1_75' title='bbox 176 1669 334 1734; x_wconf 87' lang='lat' dir='ltr'><strong>inferioris</strong></span> <span class='ocrx_word' id='word_1_76' title='bbox 361 1669 512 1734; x_wconf 81' lang='lat' dir='ltr'><strong>Austriae</strong></span> <span class='ocrx_word' id='word_1_77' title='bbox 540 1671 682 1734; x_wconf 90' lang='lat' dir='ltr'><strong>unanimi</strong></span> <span class='ocrx_word' id='word_1_78' title='bbox 709 1691 869 1734; x_wconf 90' lang='lat' dir='ltr'><strong>consensu</strong></span> <span class='ocrx_word' id='word_1_79' title='bbox 896 1670 928 1734; x_wconf 91' lang='lat' dir='ltr'><strong>in</strong></span> <span class='ocrx_word' id='word_1_80' title='bbox 956 1668 1108 1734; x_wconf 84' lang='lat' dir='ltr'><strong>abbatem</strong></span> <span class='ocrx_word' id='word_1_81' title='bbox 1139 1669 1297 1735; x_wconf 77' lang='lat' dir='ltr'><strong>electus⁴⁹</strong></span> <span class='ocrx_word' id='word_1_82' title='bbox 1325 1682 1373 1736; x_wconf 92' lang='lat' dir='ltr'><strong>est</strong></span> 
     </span>
     <span class='ocr_line' id='line_1_13' title="bbox 175 1772 1372 1840; baseline 0.001 -1"><span class='ocrx_word' id='word_1_83' title='bbox 175 1796 259 1839; x_wconf 84' lang='lat' dir='ltr'><strong>anno</strong></span> <span class='ocrx_word' id='word_1_84' title='bbox 290 1772 400 1838; x_wconf 88' lang='lat' dir='ltr'><strong>salutis</strong></span> <span class='ocrx_word' id='word_1_85' title='bbox 427 1773 631 1838; x_wconf 89' lang='lat' dir='ltr'>MDLXIIII</span> <span class='ocrx_word' id='word_1_86' title='bbox 659 1772 710 1838; x_wconf 94' lang='lat' dir='ltr'><strong>die</strong></span> <span class='ocrx_word' id='word_1_87' title='bbox 739 1773 780 1837; x_wconf 83' lang='lat'><strong>28</strong></span> <span class='ocrx_word' id='word_1_88' title='bbox 808 1776 926 1838; x_wconf 85' lang='lat' dir='ltr'><strong>mensis</strong></span> <span class='ocrx_word' id='word_1_89' title='bbox 957 1776 1033 1839; x_wconf 90' lang='lat' dir='ltr'><strong>iuni.</strong></span> <span class='ocrx_word' id='word_1_90' title='bbox 1079 1774 1143 1839; x_wconf 91' lang='lat' dir='ltr'><strong>Hic</strong></span> <span class='ocrx_word' id='word_1_91' title='bbox 1174 1797 1248 1840; x_wconf 88' lang='lat' dir='ltr'><strong>oum</strong></span> <span class='ocrx_word' id='word_1_92' title='bbox 1280 1797 1372 1840; x_wconf 90' lang='lat' dir='ltr'><strong>ceno·</strong></span> 
     </span>
     <span class='ocr_line' id='line_1_14' title="bbox 174 1876 1372 1964; baseline 0.002 -23"><span class='ocrx_word' id='word_1_93' title='bbox 174 1877 263 1942; x_wconf 90' lang='lat' dir='ltr'><strong>bium</strong></span> <span class='ocrx_word' id='word_1_94' title='bbox 295 1879 471 1943; x_wconf 89' lang='lat' dir='ltr'><strong>innumeris</strong></span> <span class='ocrx_word' id='word_1_95' title='bbox 503 1877 619 1942; x_wconf 90' lang='lat' dir='ltr'><strong>debitis</strong></span> <span class='ocrx_word' id='word_1_96' title='bbox 648 1887 835 1961; x_wconf 84' lang='lat' dir='ltr'><strong>gravatum,</strong></span> <span class='ocrx_word' id='word_1_97' title='bbox 870 1876 963 1943; x_wconf 88' lang='lat' dir='ltr'><strong>villas</strong></span> <span class='ocrx_word' id='word_1_98' title='bbox 994 1887 1026 1943; x_wconf 94' lang='lat' dir='ltr'><strong>et</strong></span> <span class='ocrx_word' id='word_1_99' title='bbox 1060 1877 1203 1943; x_wconf 88' lang='lat' dir='ltr'><strong>decimas</strong></span> <span class='ocrx_word' id='word_1_100' title='bbox 1236 1880 1372 1964; x_wconf 89' lang='lat' dir='ltr'><strong>optimas</strong></span> 
     </span>
     <span class='ocr_line' id='line_1_15' title="bbox 175 1982 1372 2069; baseline 0.001 -23"><span class='ocrx_word' id='word_1_101' title='bbox 175 1985 262 2047; x_wconf 89' lang='lat' dir='ltr'><strong>circa</strong></span> <span class='ocrx_word' id='word_1_102' title='bbox 290 1993 430 2048; x_wconf 89' lang='lat' dir='ltr'><strong>montem</strong></span> <span class='ocrx_word' id='word_1_103' title='bbox 454 1985 551 2048; x_wconf 89' lang='lat' dir='ltr'><strong>etiam</strong></span> <span class='ocrx_word' id='word_1_104' title='bbox 573 1984 737 2068; x_wconf 87' lang='lat' dir='ltr'><strong>proximas</strong></span> <span class='ocrx_word' id='word_1_105' title='bbox 766 2005 829 2048; x_wconf 88' lang='lat' dir='ltr'><strong>non</strong></span> <span class='ocrx_word' id='word_1_106' title='bbox 857 1982 960 2047; x_wconf 91' lang='lat' dir='ltr'><strong>solum</strong></span> <span class='ocrx_word' id='word_1_107' title='bbox 989 1985 1229 2069; x_wconf 84' lang='lat' dir='ltr'><strong>oppignoratae,</strong></span> <span class='ocrx_word' id='word_1_108' title='bbox 1258 2005 1372 2048; x_wconf 88' lang='lat' dir='ltr'><strong>verum</strong></span> 
     </span>
     <span class='ocr_line' id='line_1_16' title="bbox 175 2085 1372 2174; baseline 0.001 -24"><span class='ocrx_word' id='word_1_109' title='bbox 175 2087 365 2174; x_wconf 83' lang='lat' dir='ltr'><strong>plaerasque</strong></span> <span class='ocrx_word' id='word_1_110' title='bbox 394 2086 436 2152; x_wconf 93' lang='lat' dir='ltr'><strong>ob</strong></span> <span class='ocrx_word' id='word_1_111' title='bbox 464 2109 579 2152; x_wconf 88' lang='lat' dir='ltr'><strong>census</strong></span> <span class='ocrx_word' id='word_1_112' title='bbox 608 2085 860 2173; x_wconf 84' lang='lat' dir='ltr'><strong>provincialibus</strong></span> <span class='ocrx_word' id='word_1_113' title='bbox 888 2086 1072 2153; x_wconf 87' lang='lat' dir='ltr'><strong>divenditas</strong></span> <span class='ocrx_word' id='word_1_114' title='bbox 1102 2109 1174 2152; x_wconf 89' lang='lat' dir='ltr'><strong>esse</strong></span> <span class='ocrx_word' id='word_1_115' title='bbox 1205 2089 1372 2173; x_wconf 91' lang='lat' dir='ltr'><strong>comperit,</strong></span> 
     </span>
     <span class='ocr_line' id='line_1_17' title="bbox 176 2191 1373 2279; baseline 0.001 -23"><span class='ocrx_word' id='word_1_116' title='bbox 176 2191 344 2278; x_wconf 87' lang='lat' dir='ltr'><strong>implorato</strong></span> <span class='ocrx_word' id='word_1_117' title='bbox 373 2214 485 2257; x_wconf 87' lang='lat' dir='ltr'><strong>sacrae</strong></span> <span class='ocrx_word' id='word_1_118' title='bbox 513 2215 684 2257; x_wconf 88' lang='lat' dir='ltr'><strong>caesareae</strong></span> <span class='ocrx_word' id='word_1_119' title='bbox 712 2193 887 2257; x_wconf 87' lang='lat' dir='ltr'><strong>maiestatis</strong></span> <span class='ocrx_word' id='word_1_120' title='bbox 914 2193 1035 2257; x_wconf 81' lang='lat' dir='ltr'><strong>auxilio</strong></span> <span class='ocrx_word' id='word_1_121' title='bbox 1065 2215 1188 2279; x_wconf 87' lang='lat' dir='ltr'><strong>suaque</strong></span> <span class='ocrx_word' id='word_1_122' title='bbox 1219 2202 1373 2257; x_wconf 82' lang='lat' dir='ltr'><strong>accurata</strong></span> 
     </span>
     <span class='ocr_line' id='line_1_18' title="bbox 177 2294 1372 2381; baseline 0.001 -22"><span class='ocrx_word' id='word_1_123' title='bbox 177 2295 450 2360; x_wconf 89' lang='lat' dir='ltr'><strong>administratione</strong></span> <span class='ocrx_word' id='word_1_124' title='bbox 474 2294 620 2360; x_wconf 89' lang='lat' dir='ltr'><strong>adhibita</strong></span> <span class='ocrx_word' id='word_1_125' title='bbox 642 2298 726 2360; x_wconf 90' lang='lat' dir='ltr'><strong>intra</strong></span> <span class='ocrx_word' id='word_1_126' title='bbox 748 2317 869 2381; x_wconf 91' lang='lat' dir='ltr'><strong>paucos</strong></span> <span class='ocrx_word' id='word_1_127' title='bbox 892 2319 993 2361; x_wconf 87' lang='lat' dir='ltr'><strong>annos</strong></span> <span class='ocrx_word' id='word_1_128' title='bbox 1018 2319 1079 2361; x_wconf 88' lang='lat' dir='ltr'><strong>non</strong></span> <span class='ocrx_word' id='word_1_129' title='bbox 1100 2296 1202 2362; x_wconf 91' lang='lat' dir='ltr'><strong>solum</strong></span> <span class='ocrx_word' id='word_1_130' title='bbox 1224 2319 1279 2361; x_wconf 87' lang='lat' dir='ltr'><strong>aes</strong></span> <span class='ocrx_word' id='word_1_131' title='bbox 1299 2295 1372 2361; x_wconf 84' lang='lat' dir='ltr'><strong>alie·</strong></span> 
     </span>
     <span class='ocr_line' id='line_1_19' title="bbox 177 2400 1374 2486; baseline 0.001 -21"><span class='ocrx_word' id='word_1_132' title='bbox 177 2424 255 2466; x_wconf 92' lang='lat' dir='ltr'><strong>num</strong></span> <span class='ocrx_word' id='word_1_133' title='bbox 280 2400 427 2484; x_wconf 82' lang='lat' dir='ltr'><strong>exsolvit,</strong></span> <span class='ocrx_word' id='word_1_134' title='bbox 452 2423 565 2465; x_wconf 86' lang='lat' dir='ltr'><strong>verum</strong></span> <span class='ocrx_word' id='word_1_135' title='bbox 590 2403 686 2465; x_wconf 89' lang='lat' dir='ltr'><strong>etiam</strong></span> <span class='ocrx_word' id='word_1_136' title='bbox 711 2423 812 2486; x_wconf 86' lang='lat' dir='ltr'><strong>pagos</strong></span> <span class='ocrx_word' id='word_1_137' title='bbox 833 2423 944 2466; x_wconf 89' lang='lat' dir='ltr'><strong>omnes</strong></span> <span class='ocrx_word' id='word_1_138' title='bbox 964 2404 1080 2466; x_wconf 89' lang='lat' dir='ltr'><strong>iterum</strong></span> <span class='ocrx_word' id='word_1_139' title='bbox 1100 2401 1238 2466; x_wconf 87' lang='lat' dir='ltr'><strong>redemit</strong></span> <span class='ocrx_word' id='word_1_140' title='bbox 1266 2410 1298 2466; x_wconf 89' lang='lat' dir='ltr'><strong>et</strong></span> <span class='ocrx_word' id='word_1_141' title='bbox 1320 2401 1374 2467; x_wconf 93' lang='lat' dir='ltr'><strong>de·</strong></span> 
     </span>
     <span class='ocr_line' id='line_1_20' title="bbox 177 2504 1374 2591; baseline 0.002 -23"><span class='ocrx_word' id='word_1_142' title='bbox 177 2508 277 2569; x_wconf 89' lang='lat' dir='ltr'><strong>cimas</strong></span> <span class='ocrx_word' id='word_1_143' title='bbox 309 2504 431 2569; x_wconf 88' lang='lat' dir='ltr'><strong>reditus</strong></span> <span class='ocrx_word' id='word_1_144' title='bbox 462 2515 559 2589; x_wconf 91' lang='lat' dir='ltr'><strong>atque</strong></span> <span class='ocrx_word' id='word_1_145' title='bbox 591 2515 767 2591; x_wconf 85' lang='lat' dir='ltr'><strong>proventus</strong></span> <span class='ocrx_word' id='word_1_146' title='bbox 797 2527 916 2590; x_wconf 84' lang='lat' dir='ltr'><strong>magna</strong></span> <span class='ocrx_word' id='word_1_147' title='bbox 950 2527 1077 2570; x_wconf 89' lang='lat' dir='ltr'><strong>summa</strong></span> <span class='ocrx_word' id='word_1_148' title='bbox 1110 2529 1129 2570; x_wconf 90' lang='lat' dir='ltr'><strong>a</strong></span> <span class='ocrx_word' id='word_1_149' title='bbox 1161 2505 1374 2571; x_wconf 88' lang='lat' dir='ltr'><strong>creditoribus</strong></span> 
     </span>
     <span class='ocr_line' id='line_1_21' title="bbox 176 2607 1372 2697; baseline 0 -24"><span class='ocrx_word' id='word_1_150' title='bbox 176 2608 326 2674; x_wconf 78' lang='lat' dir='ltr'><strong>hincinde</strong></span> <span class='ocrx_word' id='word_1_151' title='bbox 354 2608 510 2673; x_wconf 87' lang='lat' dir='ltr'><strong>liberavit.</strong></span> <span class='ocrx_word' id='word_1_152' title='bbox 557 2608 717 2673; x_wconf 84' lang='lat' dir='ltr'><strong>Aedificia</strong></span> <span class='ocrx_word' id='word_1_153' title='bbox 742 2607 874 2674; x_wconf 88' lang='lat' dir='ltr'><strong>tandem</strong></span> <span class='ocrx_word' id='word_1_154' title='bbox 901 2611 934 2674; x_wconf 91' lang='lat' dir='ltr'><strong>in</strong></span> <span class='ocrx_word' id='word_1_155' title='bbox 957 2612 1160 2694; x_wconf 85' lang='lat' dir='ltr'><strong>monasterio,</strong></span> <span class='ocrx_word' id='word_1_156' title='bbox 1192 2632 1276 2697; x_wconf 88' lang='lat' dir='ltr'><strong>quae</strong></span> <span class='ocrx_word' id='word_1_157' title='bbox 1305 2611 1372 2674; x_wconf 90' lang='lat' dir='ltr'><strong>suis</strong></span> 
     </span>
     <span class='ocr_line' id='line_1_22' title="bbox 176 2712 1373 2801; baseline 0.002 -24"><span class='ocrx_word' id='word_1_158' title='bbox 176 2715 320 2798; x_wconf 88' lang='lat' dir='ltr'><strong>insigniis</strong></span> <span class='ocrx_word' id='word_1_159' title='bbox 344 2716 464 2800; x_wconf 89' lang='lat' dir='ltr'><strong>passim</strong></span> <span class='ocrx_word' id='word_1_160' title='bbox 487 2725 672 2797; x_wconf 88' lang='lat' dir='ltr'><strong>cernuntur,</strong></span> <span class='ocrx_word' id='word_1_161' title='bbox 704 2716 873 2798; x_wconf 86' lang='lat' dir='ltr'><strong>exstruxit,</strong></span> <span class='ocrx_word' id='word_1_162' title='bbox 906 2716 1014 2779; x_wconf 83' lang='lat' dir='ltr'><strong>ruinas</strong></span> <span class='ocrx_word' id='word_1_163' title='bbox 1045 2736 1172 2801; x_wconf 90' lang='lat' dir='ltr'><strong>quoque</strong></span> <span class='ocrx_word' id='word_1_164' title='bbox 1202 2712 1310 2779; x_wconf 91' lang='lat' dir='ltr'><strong>multis</strong></span> <span class='ocrx_word' id='word_1_165' title='bbox 1340 2716 1373 2779; x_wconf 90' lang='lat' dir='ltr'><strong>in</strong></span> 
     </span>
     <span class='ocr_line' id='line_1_23' title="bbox 172 2816 1370 2903; baseline 0 -21"><span class='ocrx_word' id='word_1_166' title='bbox 172 2818 254 2883; x_wconf 90' lang='lat' dir='ltr'><strong>locis</strong></span> <span class='ocrx_word' id='word_1_167' title='bbox 274 2821 450 2883; x_wconf 86' lang='lat' dir='ltr'><strong>restaurari</strong></span> <span class='ocrx_word' id='word_1_168' title='bbox 470 2819 596 2883; x_wconf 86' lang='lat' dir='ltr'><strong>curavit</strong></span> <span class='ocrx_word' id='word_1_169' title='bbox 615 2820 669 2902; x_wconf 87' lang='lat' dir='ltr'><strong>ita,</strong></span> <span class='ocrx_word' id='word_1_170' title='bbox 692 2828 727 2883; x_wconf 90' lang='lat' dir='ltr'><strong>ut</strong></span> <span class='ocrx_word' id='word_1_171' title='bbox 746 2818 815 2883; x_wconf 87' lang='lat' dir='ltr'><strong>fere</strong></span> <span class='ocrx_word' id='word_1_172' title='bbox 835 2816 914 2883; x_wconf 90' lang='lat' dir='ltr'><strong>nihil</strong></span> <span class='ocrx_word' id='word_1_173' title='bbox 933 2818 1054 2883; x_wconf 88' lang='lat' dir='ltr'><strong>residui</strong></span> <span class='ocrx_word' id='word_1_174' title='bbox 1074 2817 1194 2883; x_wconf 88' lang='lat' dir='ltr'><strong>laboris</strong></span> <span class='ocrx_word' id='word_1_175' title='bbox 1214 2828 1247 2883; x_wconf 86' lang='lat' dir='ltr'><strong>et</strong></span> <span class='ocrx_word' id='word_1_176' title='bbox 1265 2839 1370 2903; x_wconf 90' lang='lat' dir='ltr'><strong>sump-</strong></span> 
     </span>
     <span class='ocr_line' id='line_1_24' title="bbox 176 2922 1373 3009; baseline 0 -22"><span class='ocrx_word' id='word_1_177' title='bbox 176 2933 268 2988; x_wconf 90' lang='lat' dir='ltr'><strong>tuum</strong></span> <span class='ocrx_word' id='word_1_178' title='bbox 291 2945 362 2987; x_wconf 90' lang='lat' dir='ltr'><strong>esse</strong></span> <span class='ocrx_word' id='word_1_179' title='bbox 385 2933 522 3009; x_wconf 88' lang='lat' dir='ltr'><strong>putarat.</strong></span> <span class='ocrx_word' id='word_1_180' title='bbox 569 2923 657 2988; x_wconf 87' lang='lat' dir='ltr'><strong>Ecce</strong></span> <span class='ocrx_word' id='word_1_181' title='bbox 680 2932 788 2988; x_wconf 85' lang='lat' dir='ltr'><strong>autem</strong></span> <span class='ocrx_word' id='word_1_182' title='bbox 811 2933 847 2988; x_wconf 92' lang='lat' dir='ltr'><strong>ut</strong></span> <span class='ocrx_word' id='word_1_183' title='bbox 873 2924 1003 2988; x_wconf 83' lang='lat' dir='ltr'><strong>forhrna</strong></span> <span class='ocrx_word' id='word_1_184' title='bbox 1027 2923 1171 2989; x_wconf 87' lang='lat' dir='ltr'><strong>infenssa</strong></span> <span class='ocrx_word' id='word_1_185' title='bbox 1199 2933 1248 2988; x_wconf 91' lang='lat' dir='ltr'><strong>est</strong></span> <span class='ocrx_word' id='word_1_186' title='bbox 1275 2922 1373 2988; x_wconf 89' lang='lat' dir='ltr'><strong>rebus</strong></span> 
     </span>
     <span class='ocr_line' id='line_1_25' title="bbox 178 3027 1374 3114; baseline 0.001 -23"><span class='ocrx_word' id='word_1_187' title='bbox 178 3029 313 3113; x_wconf 84' lang='lat' dir='ltr'><strong>pacatis,</strong></span> <span class='ocrx_word' id='word_1_188' title='bbox 340 3030 385 3092; x_wconf 87' lang='lat' dir='ltr'><strong>ita</strong></span> <span class='ocrx_word' id='word_1_189' title='bbox 413 3027 506 3092; x_wconf 85' lang='lat' dir='ltr'><strong>clade</strong></span> <span class='ocrx_word' id='word_1_190' title='bbox 529 3030 623 3092; x_wconf 90' lang='lat' dir='ltr'><strong>unius</strong></span> <span class='ocrx_word' id='word_1_191' title='bbox 647 3030 749 3093; x_wconf 90' lang='lat' dir='ltr'><strong>noctis</strong></span> <span class='ocrx_word' id='word_1_192' title='bbox 772 3027 854 3092; x_wconf 89' lang='lat' dir='ltr'><strong>haec</strong></span> <span class='ocrx_word' id='word_1_193' title='bbox 877 3030 998 3114; x_wconf 83' lang='lat' dir='ltr'><strong>optima</strong></span> <span class='ocrx_word' id='word_1_194' title='bbox 1019 3030 1165 3093; x_wconf 83' lang='lat' dir='ltr'><strong>instituta</strong></span> <span class='ocrx_word' id='word_1_195' title='bbox 1187 3029 1374 3093; x_wconf 83' lang='lat' dir='ltr'><strong>oeconomia</strong></span> 
     </span>
     <span class='ocr_line' id='line_1_26' title="bbox 178 3132 1373 3219; baseline -0.002 -22"><span class='ocrx_word' id='word_1_196' title='bbox 178 3135 294 3198; x_wconf 86' lang='lat' dir='ltr'><strong>misere</strong></span> <span class='ocrx_word' id='word_1_197' title='bbox 324 3134 440 3197; x_wconf 90' lang='lat' dir='ltr'><strong>iterum</strong></span> <span class='ocrx_word' id='word_1_198' title='bbox 472 3132 652 3218; x_wconf 88' lang='lat' dir='ltr'><strong>dissipatur.</strong></span> <span class='ocrx_word' id='word_1_199' title='bbox 703 3133 741 3197; x_wconf 92' lang='lat' dir='ltr'><strong>In</strong></span> <span class='ocrx_word' id='word_1_200' title='bbox 769 3135 837 3219; x_wconf 89' lang='lat' dir='ltr'><strong>ipso</strong></span> <span class='ocrx_word' id='word_1_201' title='bbox 866 3134 950 3198; x_wconf 90' lang='lat' dir='ltr'><strong>enim</strong></span> <span class='ocrx_word' id='word_1_202' title='bbox 979 3133 1060 3198; x_wconf 87' lang='lat' dir='ltr'><strong>festo</strong></span> <span class='ocrx_word' id='word_1_203' title='bbox 1091 3132 1196 3198; x_wconf 87' lang='lat' dir='ltr'><strong>almae</strong></span> <span class='ocrx_word' id='word_1_204' title='bbox 1226 3135 1373 3198; x_wconf 86' lang='lat' dir='ltr'><strong>trinitatis</strong></span> 
     </span>
     <span class='ocr_line' id='line_1_27' title="bbox 179 3236 1374 3324; baseline 0 -23"><span class='ocrx_word' id='word_1_205' title='bbox 179 3239 307 3302; x_wconf 86' lang='lat' dir='ltr'><strong>circiter</strong></span> <span class='ocrx_word' id='word_1_206' title='bbox 322 3237 434 3302; x_wconf 89' lang='lat' dir='ltr'><strong>horam</strong></span> <span class='ocrx_word' id='word_1_207' title='bbox 455 3236 615 3302; x_wconf 87' lang='lat' dir='ltr'><strong>decimam</strong></span> <span class='ocrx_word' id='word_1_208' title='bbox 635 3240 738 3302; x_wconf 89' lang='lat' dir='ltr'><strong>noctis</strong></span> <span class='ocrx_word' id='word_1_209' title='bbox 759 3261 843 3304; x_wconf 90' lang='lat' dir='ltr'><strong>anno</strong></span> <span class='ocrx_word' id='word_1_210' title='bbox 861 3237 1063 3303; x_wconf 87' lang='lat' dir='ltr'>MDLXXX</span> <span class='ocrx_word' id='word_1_211' title='bbox 1083 3248 1258 3324; x_wconf 89' lang='lat' dir='ltr'><strong>tempestas</strong></span> <span class='ocrx_word' id='word_1_212' title='bbox 1276 3237 1374 3302; x_wconf 89' lang='lat' dir='ltr'><strong>horri-</strong></span> 
     </span>
     <span class='ocr_line' id='line_1_28' title="bbox 177 3340 1375 3426; baseline 0.003 -20"><span class='ocrx_word' id='word_1_213' title='bbox 177 3340 250 3406; x_wconf 90' lang='lat' dir='ltr'><strong>bilis</strong></span> <span class='ocrx_word' id='word_1_214' title='bbox 273 3344 391 3406; x_wconf 87' lang='lat' dir='ltr'><strong>tonitru</strong></span> <span class='ocrx_word' id='word_1_215' title='bbox 414 3352 446 3407; x_wconf 88' lang='lat' dir='ltr'><strong>et</strong></span> <span class='ocrx_word' id='word_1_216' title='bbox 465 3341 593 3426; x_wconf 85' lang='lat' dir='ltr'><strong>fulgure</strong></span> <span class='ocrx_word' id='word_1_217' title='bbox 613 3344 731 3408; x_wconf 86' lang='lat' dir='ltr'><strong>invasit</strong></span> <span class='ocrx_word' id='word_1_218' title='bbox 749 3344 864 3406; x_wconf 91' lang='lat' dir='ltr'><strong>turrim</strong></span> <span class='ocrx_word' id='word_1_219' title='bbox 885 3341 1099 3407; x_wconf 85' lang='lat' dir='ltr'><strong>excelsiorem</strong></span> <span class='ocrx_word' id='word_1_220' title='bbox 1120 3341 1228 3407; x_wconf 84' lang='lat' dir='ltr'><strong>media</strong></span> <span class='ocrx_word' id='word_1_221' title='bbox 1247 3344 1280 3407; x_wconf 90' lang='lat' dir='ltr'><strong>in</strong></span> <span class='ocrx_word' id='word_1_222' title='bbox 1300 3341 1375 3409; x_wconf 90' lang='lat' dir='ltr'><strong>aula</strong></span> 
     </span>
     <span class='ocr_line' id='line_1_29' title="bbox 177 3444 1375 3532; baseline 0.003 -23"><span class='ocrx_word' id='word_1_223' title='bbox 177 3448 282 3530; x_wconf 86' lang='lat' dir='ltr'><strong>sitam,</strong></span> <span class='ocrx_word' id='word_1_224' title='bbox 305 3444 381 3510; x_wconf 89' lang='lat' dir='ltr'><strong>inde</strong></span> <span class='ocrx_word' id='word_1_225' title='bbox 405 3445 502 3511; x_wconf 88' lang='lat' dir='ltr'><strong>flama</strong></span> <span class='ocrx_word' id='word_1_226' title='bbox 524 3449 558 3511; x_wconf 90' lang='lat' dir='ltr'><strong>vi</strong></span> <span class='ocrx_word' id='word_1_227' title='bbox 580 3448 714 3512; x_wconf 86' lang='lat' dir='ltr'><strong>maximi</strong></span> <span class='ocrx_word' id='word_1_228' title='bbox 738 3448 828 3511; x_wconf 83' lang='lat' dir='ltr'><strong>venti</strong></span> <span class='ocrx_word' id='word_1_229' title='bbox 850 3448 882 3511; x_wconf 94' lang='lat' dir='ltr'><strong>in</strong></span> <span class='ocrx_word' id='word_1_230' title='bbox 906 3448 1093 3532; x_wconf 88' lang='lat' dir='ltr'><strong>primarium</strong></span> <span class='ocrx_word' id='word_1_231' title='bbox 1114 3445 1269 3532; x_wconf 91' lang='lat' dir='ltr'><strong>templum</strong></span> <span class='ocrx_word' id='word_1_232' title='bbox 1290 3446 1375 3512; x_wconf 85' lang='lat' dir='ltr'><strong>elata</strong></span> 
     </span>
     <span class='ocr_line' id='line_1_30' title="bbox 176 3550 1375 3637; baseline 0.003 -24"><span class='ocrx_word' id='word_1_233' title='bbox 176 3550 320 3637; x_wconf 86' lang='lat' dir='ltr'><strong>illudque</strong></span> <span class='ocrx_word' id='word_1_234' title='bbox 352 3574 427 3616; x_wconf 88' lang='lat' dir='ltr'><strong>cum</strong></span> <span class='ocrx_word' id='word_1_235' title='bbox 459 3554 537 3617; x_wconf 88' lang='lat' dir='ltr'><strong>turri</strong></span> <span class='ocrx_word' id='word_1_236' title='bbox 567 3550 767 3617; x_wconf 83' lang='lat' dir='ltr'><strong>tintinabulis</strong></span> <span class='ocrx_word' id='word_1_237' title='bbox 797 3572 918 3636; x_wconf 89' lang='lat' dir='ltr'><strong>organo</strong></span> <span class='ocrx_word' id='word_1_238' title='bbox 949 3551 1088 3636; x_wconf 86' lang='lat' dir='ltr'><strong>eleganti</strong></span> <span class='ocrx_word' id='word_1_239' title='bbox 1120 3550 1256 3637; x_wconf 88' lang='lat' dir='ltr'><strong>aliisque</strong></span> <span class='ocrx_word' id='word_1_240' title='bbox 1285 3573 1375 3617; x_wconf 87' lang='lat' dir='ltr'><strong>orna·</strong></span> 
     </span>
    </p>
   </div>
   <div class='ocr_carea' id='block_1_4' title="bbox 177 3830 1377 4772">
    <p class='ocr_par' dir='ltr' id='par_1_4' title="bbox 177 3830 1377 4772">
     <span class='ocr_line' id='line_1_31' title="bbox 181 3830 1377 3900; baseline -0.001 -16"><span class='ocrx_word' id='word_1_241' title='bbox 181 3836 260 3885; x_wconf 76' lang='lat' dir='ltr'><strong>weiss</strong></span> <span class='ocrx_word' id='word_1_242' title='bbox 279 3834 330 3884; x_wconf 91' lang='lat' dir='ltr'><strong>den</strong></span> <span class='ocrx_word' id='word_1_243' title='bbox 352 3836 391 3883; x_wconf 84' lang='lat'><strong>18.</strong></span> <span class='ocrx_word' id='word_1_244' title='bbox 405 3834 477 3899; x_wconf 75' lang='lat' dir='ltr'><strong>Sept</strong></span> <span class='ocrx_word' id='word_1_245' title='bbox 492 3834 559 3883; x_wconf 82' lang='grc'>1668</span> <span class='ocrx_word' id='word_1_246' title='bbox 577 3833 617 3883; x_wconf 84' lang='grc'><strong>111</strong></span> <span class='ocrx_word' id='word_1_247' title='bbox 629 3833 771 3900; x_wconf 72' lang='lat' dir='ltr'><strong>Todcstag.</strong></span> <span class='ocrx_word' id='word_1_248' title='bbox 800 3833 856 3883; x_wconf 88' lang='lat' dir='ltr'><strong>Der</strong></span> <span class='ocrx_word' id='word_1_249' title='bbox 868 3832 983 3884; x_wconf 86' lang='lat' dir='ltr'><strong>Irrthum</strong></span> <span class='ocrx_word' id='word_1_250' title='bbox 1001 3833 1037 3882; x_wconf 86' lang='grc'><strong>111</strong></span> <span class='ocrx_word' id='word_1_251' title='bbox 1053 3830 1171 3882; x_wconf 78' lang='grc'>(11111111</span> <span class='ocrx_word' id='word_1_252' title='bbox 1191 3848 1224 3882; x_wconf 82' lang='lat' dir='ltr'><strong>cu</strong></span> <span class='ocrx_word' id='word_1_253' title='bbox 1243 3832 1377 3894; x_wconf 82' lang='grc'>1111111111,</span> 
     </span>
     <span class='ocr_line' id='line_1_32' title="bbox 181 3919 1377 3987; baseline -0.003 -15"><span class='ocrx_word' id='word_1_254' title='bbox 181 3923 242 3972; x_wconf 86' lang='lat' dir='ltr'><strong>dass</strong></span> <span class='ocrx_word' id='word_1_255' title='bbox 260 3922 362 3972; x_wconf 84' lang='lat' dir='ltr'><strong>damals</strong></span> <span class='ocrx_word' id='word_1_256' title='bbox 380 3921 425 3971; x_wconf 89' lang='lat' dir='ltr'><strong>die</strong></span> <span class='ocrx_word' id='word_1_257' title='bbox 439 3921 608 3987; x_wconf 75' lang='lat' dir='ltr'><strong>Eintragung</strong></span> <span class='ocrx_word' id='word_1_258' title='bbox 626 3921 655 3971; x_wconf 91' lang='lat' dir='ltr'><strong>in</strong></span> <span class='ocrx_word' id='word_1_259' title='bbox 672 3919 720 3970; x_wconf 82' lang='lat' dir='ltr'><strong>das</strong></span> <span class='ocrx_word' id='word_1_260' title='bbox 738 3921 769 3971; x_wconf 84' lang='lat' dir='ltr'><strong>N.</strong></span> <span class='ocrx_word' id='word_1_261' title='bbox 782 3936 835 3971; x_wconf 85' lang='lat' dir='ltr'><strong>von</strong></span> <span class='ocrx_word' id='word_1_262' title='bbox 853 3920 906 3971; x_wconf 87' lang='lat' dir='ltr'><strong>den</strong></span> <span class='ocrx_word' id='word_1_263' title='bbox 924 3935 973 3970; x_wconf 80' lang='grc'><strong>111</strong></span> <span class='ocrx_word' id='word_1_264' title='bbox 986 3919 1121 3985; x_wconf 72' lang='lat' dir='ltr'><strong>Gottweig</strong></span> <span class='ocrx_word' id='word_1_265' title='bbox 1138 3921 1377 3985; x_wconf 74' lang='lat' dir='ltr'><strong>aurgewanderten</strong></span> 
     </span>
     <span class='ocr_line' id='line_1_33' title="bbox 179 4006 1376 4073; baseline -0.002 -15"><span class='ocrx_word' id='word_1_266' title='bbox 179 4009 293 4059; x_wconf 86' lang='lat' dir='ltr'><strong>Nonnen</strong></span> <span class='ocrx_word' id='word_1_267' title='bbox 320 4025 368 4060; x_wconf 88' lang='lat' dir='ltr'><strong>aus</strong></span> <span class='ocrx_word' id='word_1_268' title='bbox 391 4008 586 4059; x_wconf 83' lang='lat' dir='ltr'><strong>unbekannten</strong></span> <span class='ocrx_word' id='word_1_269' title='bbox 608 4007 736 4059; x_wconf 80' lang='lat' dir='ltr'><strong>Grflnden</strong></span> <span class='ocrx_word' id='word_1_270' title='bbox 759 4013 814 4058; x_wconf 88' lang='lat' dir='ltr'><strong>erst</strong></span> <span class='ocrx_word' id='word_1_271' title='bbox 835 4008 872 4057; x_wconf 85' lang='lat' dir='ltr'><strong>im</strong></span> <span class='ocrx_word' id='word_1_272' title='bbox 890 4007 999 4057; x_wconf 82' lang='lat' dir='ltr'><strong>Kloster</strong></span> <span class='ocrx_word' id='word_1_273' title='bbox 1021 4022 1054 4057; x_wconf 85' lang='grc'><strong>11</strong></span> <span class='ocrx_word' id='word_1_274' title='bbox 1078 4006 1116 4056; x_wconf 82' lang='lat' dir='ltr'><strong>St.</strong></span> <span class='ocrx_word' id='word_1_275' title='bbox 1133 4006 1272 4058; x_wconf 85' lang='lat' dir='ltr'><strong>Bernhard</strong></span> <span class='ocrx_word' id='word_1_276' title='bbox 1295 4006 1376 4073; x_wconf 86' lang='lat' dir='ltr'><strong>(Neu-</strong></span> 
     </span>
     <span class='ocr_line' id='line_1_34' title="bbox 179 4093 1375 4163; baseline -0.003 -17"><span class='ocrx_word' id='word_1_277' title='bbox 179 4093 282 4163; x_wconf 87' lang='lat' dir='ltr'><strong>Melon)</strong></span> <span class='ocrx_word' id='word_1_278' title='bbox 305 4095 431 4162; x_wconf 81' lang='lat' dir='ltr'><strong>gemacht</strong></span> <span class='ocrx_word' id='word_1_279' title='bbox 454 4095 553 4158; x_wconf 82' lang='lat' dir='ltr'><strong>worda,</strong></span> <span class='ocrx_word' id='word_1_280' title='bbox 576 4110 617 4145; x_wconf 84' lang='lat' dir='ltr'><strong>wo</strong></span> <span class='ocrx_word' id='word_1_281' title='bbox 641 4094 684 4144; x_wconf 85' lang='lat' dir='ltr'><strong>dio</strong></span> <span class='ocrx_word' id='word_1_282' title='bbox 706 4109 812 4161; x_wconf 71' lang='lat' dir='ltr'><strong>genuus</strong></span> <span class='ocrx_word' id='word_1_283' title='bbox 835 4095 1007 4160; x_wconf 79' lang='lat' dir='ltr'><strong>Erinnerung</strong></span> <span class='ocrx_word' id='word_1_284' title='bbox 1030 4094 1128 4144; x_wconf 82' lang='lat' dir='ltr'><strong>bereite</strong></span> <span class='ocrx_word' id='word_1_285' title='bbox 1152 4093 1290 4144; x_wconf 84' lang='lat' dir='ltr'><strong>erlorchen</strong></span> <span class='ocrx_word' id='word_1_286' title='bbox 1313 4109 1375 4144; x_wconf 85' lang='lat' dir='ltr'><strong>war.</strong></span> 
     </span>
     <span class='ocr_line' id='line_1_35' title="bbox 179 4177 1375 4248; baseline -0.003 -15"><span class='ocrx_word' id='word_1_287' title='bbox 179 4210 213 4220; x_wconf 96' lang='lat'>-</span> <span class='ocrx_word' id='word_1_288' title='bbox 231 4180 254 4212; x_wconf 71' lang='lat'><strong>⁴¹</strong></span> <span class='ocrx_word' id='word_1_289' title='bbox 272 4183 319 4233; x_wconf 82' lang='lat' dir='ltr'><strong>Ale</strong></span> <span class='ocrx_word' id='word_1_290' title='bbox 331 4182 537 4232; x_wconf 76' lang='lat' dir='ltr'><strong>Administrator</strong></span> <span class='ocrx_word' id='word_1_291' title='bbox 556 4183 702 4248; x_wconf 61' lang='lat' dir='ltr'><strong>cingerent</strong></span> <span class='ocrx_word' id='word_1_292' title='bbox 720 4182 787 4232; x_wconf 87' lang='grc'>1666</span> <span class='ocrx_word' id='word_1_293' title='bbox 800 4182 858 4233; x_wconf 83' lang='grc'>011.</span> <span class='ocrx_word' id='word_1_294' title='bbox 874 4185 896 4231; x_wconf 89' lang='grc'><strong>1.</strong></span> <span class='ocrx_word' id='word_1_295' title='bbox 916 4208 947 4218; x_wconf 95' lang='grc'>-</span> <span class='ocrx_word' id='word_1_296' title='bbox 967 4179 990 4211; x_wconf 79' lang='lat'><strong>‘⁸</strong></span> <span class='ocrx_word' id='word_1_297' title='bbox 1007 4181 1106 4247; x_wconf 74' lang='lat'><strong>†1668</strong></span> <span class='ocrx_word' id='word_1_298' title='bbox 1117 4181 1221 4232; x_wconf 73' lang='grc'>«11111111</span> <span class='ocrx_word' id='word_1_299' title='bbox 1233 4181 1267 4230; x_wconf 77' lang='lat'><strong>20</strong></span> <span class='ocrx_word' id='word_1_300' title='bbox 1280 4177 1375 4247; x_wconf 80' lang='lat' dir='ltr'><strong>(Topo-</strong></span> 
     </span>
     <span class='ocr_line' id='line_1_36' title="bbox 178 4268 1376 4337; baseline -0.003 -17"><span class='ocrx_word' id='word_1_301' title='bbox 178 4271 290 4337; x_wconf 78' lang='lat' dir='ltr'><strong>graphie</strong></span> <span class='ocrx_word' id='word_1_302' title='bbox 310 4287 360 4321; x_wconf 86' lang='lat' dir='ltr'><strong>von</strong></span> <span class='ocrx_word' id='word_1_303' title='bbox 380 4270 474 4321; x_wconf 86' lang='lat' dir='ltr'><strong>N.-Oe.</strong></span> <span class='ocrx_word' id='word_1_304' title='bbox 493 4271 539 4334; x_wconf 86' lang='lat' dir='ltr'><strong>IV,</strong></span> <span class='ocrx_word' id='word_1_305' title='bbox 563 4270 634 4337; x_wconf 74' lang='lat'><strong>224).</strong></span> <span class='ocrx_word' id='word_1_306' title='bbox 666 4298 699 4306; x_wconf 98' lang='lat'>-</span> <span class='ocrx_word' id='word_1_307' title='bbox 728 4268 752 4300; x_wconf 80' lang='lat'><strong>⁴⁰</strong></span> <span class='ocrx_word' id='word_1_308' title='bbox 769 4270 892 4321; x_wconf 71' lang='lat' dir='ltr'><strong>Eruthlr</strong></span> <span class='ocrx_word' id='word_1_309' title='bbox 914 4272 941 4319; x_wconf 93' lang='lat' dir='ltr'><strong>in</strong></span> <span class='ocrx_word' id='word_1_310' title='bbox 961 4269 1095 4335; x_wconf 70' lang='lat' dir='ltr'><strong>Gottweig</strong></span> <span class='ocrx_word' id='word_1_311' title='bbox 1112 4285 1156 4319; x_wconf 83' lang='grc'>1111</span> <span class='ocrx_word' id='word_1_312' title='bbox 1174 4268 1296 4319; x_wconf 72' lang='grc'>111111</span> <span class='ocrx_word' id='word_1_313' title='bbox 1310 4269 1376 4317; x_wconf 76' lang='grc'>1664</span> 
     </span>
     <span class='ocr_line' id='line_1_37' title="bbox 178 4354 1375 4409; baseline -0.001 -2"><span class='ocrx_word' id='word_1_314' title='bbox 178 4358 219 4407; x_wconf 84' lang='lat' dir='ltr'><strong>als</strong></span> <span class='ocrx_word' id='word_1_315' title='bbox 238 4358 344 4408; x_wconf 81' lang='lat' dir='ltr'><strong>Profoss</strong></span> <span class='ocrx_word' id='word_1_316' title='bbox 363 4374 415 4407; x_wconf 87' lang='lat' dir='ltr'><strong>von</strong></span> <span class='ocrx_word' id='word_1_317' title='bbox 434 4357 508 4408; x_wconf 86' lang='lat' dir='ltr'><strong>Melk</strong></span> <span class='ocrx_word' id='word_1_318' title='bbox 526 4374 579 4408; x_wconf 83' lang='lat' dir='ltr'><strong>von</strong></span> <span class='ocrx_word' id='word_1_319' title='bbox 598 4359 691 4408; x_wconf 85' lang='lat' dir='ltr'><strong>seiuen</strong></span> <span class='ocrx_word' id='word_1_320' title='bbox 709 4358 881 4409; x_wconf 81' lang='lat' dir='ltr'><strong>Mitwlthlem</strong></span> <span class='ocrx_word' id='word_1_321' title='bbox 893 4357 947 4407; x_wconf 78' lang='lat' dir='ltr'><strong>Abt</strong></span> <span class='ocrx_word' id='word_1_322' title='bbox 958 4356 1066 4407; x_wconf 80' lang='lat' dir='ltr'><strong>Johann</strong></span> <span class='ocrx_word' id='word_1_323' title='bbox 1085 4373 1120 4407; x_wconf 79' lang='lat' dir='ltr'><strong>zu</strong></span> <span class='ocrx_word' id='word_1_324' title='bbox 1138 4355 1190 4407; x_wconf 88' lang='lat' dir='ltr'><strong>dsn</strong></span> <span class='ocrx_word' id='word_1_325' title='bbox 1203 4354 1330 4407; x_wconf 78' lang='lat' dir='ltr'><strong>Schotten</strong></span> <span class='ocrx_word' id='word_1_326' title='bbox 1348 4355 1375 4406; x_wconf 89' lang='lat' dir='ltr'><strong>in</strong></span> 
     </span>
     <span class='ocr_line' id='line_1_38' title="bbox 177 4442 1377 4511; baseline -0.003 -16"><span class='ocrx_word' id='word_1_327' title='bbox 177 4445 266 4505; x_wconf 81' lang='lat' dir='ltr'><strong>wien,</strong></span> <span class='ocrx_word' id='word_1_328' title='bbox 294 4446 349 4495; x_wconf 80' lang='lat' dir='ltr'><strong>Abt</strong></span> <span class='ocrx_word' id='word_1_329' title='bbox 375 4444 495 4510; x_wconf 86' lang='lat' dir='ltr'><strong>Leopold</strong></span> <span class='ocrx_word' id='word_1_330' title='bbox 523 4461 574 4495; x_wconf 89' lang='lat' dir='ltr'><strong>von</strong></span> <span class='ocrx_word' id='word_1_331' title='bbox 598 4444 747 4510; x_wconf 76' lang='lat' dir='ltr'><strong>Altenburg</strong></span> <span class='ocrx_word' id='word_1_332' title='bbox 764 4444 818 4494; x_wconf 90' lang='lat' dir='ltr'><strong>und</strong></span> <span class='ocrx_word' id='word_1_333' title='bbox 839 4445 935 4511; x_wconf 88' lang='lat' dir='ltr'><strong>Propst</strong></span> <span class='ocrx_word' id='word_1_334' title='bbox 957 4444 1067 4495; x_wconf 80' lang='lat' dir='ltr'><strong>Johsnn</strong></span> <span class='ocrx_word' id='word_1_335' title='bbox 1086 4459 1138 4494; x_wconf 84' lang='lat' dir='ltr'><strong>von</strong></span> <span class='ocrx_word' id='word_1_336' title='bbox 1157 4442 1377 4509; x_wconf 56' lang='lat' dir='ltr'><strong>nonogenburffi</strong></span> 
     </span>
     <span class='ocr_line' id='line_1_39' title="bbox 178 4530 1377 4597; baseline -0.002 -14"><span class='ocrx_word' id='word_1_337' title='bbox 178 4532 281 4583; x_wconf 81' lang='lat' dir='ltr'><strong>welche</strong></span> <span class='ocrx_word' id='word_1_338' title='bbox 304 4533 363 4584; x_wconf 88' lang='lat' dir='ltr'><strong>sich</strong></span> <span class='ocrx_word' id='word_1_339' title='bbox 387 4534 436 4582; x_wconf 87' lang='lat' dir='ltr'><strong>mit</strong></span> <span class='ocrx_word' id='word_1_340' title='bbox 455 4533 508 4582; x_wconf 86' lang='lat' dir='ltr'><strong>ihm</strong></span> <span class='ocrx_word' id='word_1_341' title='bbox 528 4533 568 4584; x_wconf 87' lang='grc'><strong>111</strong></span> <span class='ocrx_word' id='word_1_342' title='bbox 585 4534 753 4583; x_wconf 86' lang='lat' dir='ltr'><strong>autorieiorto</strong></span> <span class='ocrx_word' id='word_1_343' title='bbox 765 4532 877 4583; x_wconf 75' lang='lat' dir='ltr'><strong>Wthler</strong></span> <span class='ocrx_word' id='word_1_344' title='bbox 894 4532 1040 4594; x_wconf 79' lang='grc'>1111111111,</span> <span class='ocrx_word' id='word_1_345' title='bbox 1062 4531 1097 4583; x_wconf 82' lang='grc'><strong>(11</strong></span> <span class='ocrx_word' id='word_1_346' title='bbox 1114 4533 1143 4581; x_wconf 86' lang='lat' dir='ltr'><strong>in</strong></span> <span class='ocrx_word' id='word_1_347' title='bbox 1162 4531 1296 4597; x_wconf 77' lang='lat' dir='ltr'><strong>Gottweig</strong></span> <span class='ocrx_word' id='word_1_348' title='bbox 1312 4530 1377 4581; x_wconf 83' lang='lat' dir='ltr'><strong>keiu</strong></span> 
     </span>
     <span class='ocr_line' id='line_1_40' title="bbox 179 4618 1376 4687; baseline -0.002 -17"><span class='ocrx_word' id='word_1_349' title='bbox 179 4620 285 4671; x_wconf 75' lang='lat' dir='ltr'><strong>Proteos</strong></span> <span class='ocrx_word' id='word_1_350' title='bbox 313 4619 467 4670; x_wconf 82' lang='lat' dir='ltr'><strong>verbanden</strong></span> <span class='ocrx_word' id='word_1_351' title='bbox 496 4636 551 4671; x_wconf 88' lang='lat' dir='ltr'><strong>war</strong></span> <span class='ocrx_word' id='word_1_352' title='bbox 574 4619 828 4687; x_wconf 77' lang='lat' dir='ltr'><strong>(Wshlinstrument</strong></span> <span class='ocrx_word' id='word_1_353' title='bbox 854 4620 901 4672; x_wconf 86' lang='lat' dir='ltr'><strong>dse</strong></span> <span class='ocrx_word' id='word_1_354' title='bbox 919 4620 1001 4671; x_wconf 78' lang='lat' dir='ltr'><strong>Abtes</strong></span> <span class='ocrx_word' id='word_1_355' title='bbox 1028 4619 1145 4670; x_wconf 79' lang='lat' dir='ltr'><strong>Michael</strong></span> <span class='ocrx_word' id='word_1_356' title='bbox 1168 4618 1292 4669; x_wconf 84' lang='lat' dir='ltr'><strong>Herrlieh</strong></span> <span class='ocrx_word' id='word_1_357' title='bbox 1317 4633 1376 4669; x_wconf 83' lang='lat' dir='ltr'><strong>rom</strong></span> 
     </span>
     <span class='ocr_line' id='line_1_41' title="bbox 180 4706 413 4772; baseline -0.009 -14"><span class='ocrx_word' id='word_1_358' title='bbox 180 4707 274 4759; x_wconf 86' lang='lat' dir='ltr'><strong>selben</strong></span> <span class='ocrx_word' id='word_1_359' title='bbox 293 4706 413 4772; x_wconf 85' lang='lat' dir='ltr'><strong>Datum).</strong></span> 
     </span>
    </p>
   </div>
   <div class='ocr_carea' id='block_1_5' title="bbox 0 0 1683 5306">
    <p class='ocr_par' dir='ltr' id='par_1_5' title="bbox 0 0 1683 5306">
     <span class='ocr_line' id='line_1_42' title="bbox 0 0 1683 5306; baseline 0 0"><span class='ocrx_word' id='word_1_360' title='bbox 0 0 1683 5306; x_wconf 95' lang='lat' dir='ltr'><strong> </strong></span> 
     </span>
    </p>
   </div>
  </div>
 </body>
</html>
