3388 5302
331 367 393 428 114

328 556 444 621 Petro¹
468 556 618 639 episcopo
640 554 862 639 prenominato
885 553 1074 616 auctoritate
1097 561 1207 616 nostra
1222 551 1369 615 Romana
1392 571 1525 614 cesarea

329 670 362 724 et
384 681 427 723 ex
451 668 539 723 certa
561 666 670 722 nostra
686 658 827 721 sciencia
842 654 1049 721 concedimus
1065 664 1097 721 et
1110 655 1274 739 largimur,
1298 663 1335 719 ut
1348 675 1407 739 per
1422 661 1524 718 totum

328 764 513 829 Romanum
544 763 715 848 imperium
745 762 848 847 possis
879 769 911 826 et
932 760 1043 826 valeas
1065 760 1174 825 facere
1197 769 1229 824 et
1251 780 1363 824 creare
1385 759 1525 823 notarios

329 867 477 954 publicos
508 890 566 932 seu
594 864 784 931 tabelliones
814 875 846 930 et
876 863 999 930 iudices
1030 864 1210 929 ordinarios
1238 873 1336 949 atque
1366 864 1525 927 universis

328 973 487 1058 personis,
518 994 581 1057 que
612 969 777 1055 fidedigne
807 968 910 1034 abiles
941 980 974 1033 et
1001 968 1131 1056 ydonee
1159 977 1243 1052 sunt,
1266 969 1443 1032 notariatus
1466 988 1524 1031 sou

328 1076 555 1142 tabellionatus
586 1097 626 1140 ac
655 1074 817 1140 iudicatus
844 1073 999 1139 ordinarii
1021 1073 1162 1139 officium
1186 1072 1265 1137 dare
1288 1081 1321 1138 et
1343 1071 1524 1137 concedere

329 1191 363 1246 et
384 1204 439 1247 eos
463 1191 495 1247 et
517 1203 628 1246 eorum
652 1178 829 1266 quemlibet
850 1182 1039 1244 auctoritate
1062 1178 1220 1265 imperiali
1243 1187 1275 1243 et
1297 1175 1449 1263 predictis
1465 1198 1524 1262 per

328 1308 468 1372 pennam
501 1294 534 1351 11
567 1285 775 1349 calamarium
809 1292 841 1347 et
870 1282 979 1347 annuli
1011 1285 1080 1348 sive
1111 1282 1206 1346 bireti
1234 1281 1456 1364 tradicionem,
1489 1292 1526 1346 ut

328 1392 425 1457 moris
448 1400 507 1473 est,
530 1391 695 1472 investire,
723 1389 800 1453 dum
824 1397 949 1452 tantum
972 1386 1014 1452 ad
1036 1389 1215 1474 practicam
1238 1396 1271 1452 ct
1292 1388 1524 1451 execucionem

330 1493 474 1560 eiusdem
497 1493 594 1560 officii
616 1493 685 1558 illos
708 1491 808 1558 abiles
832 1502 864 1558 11
886 1491 1033 1579 ydoneos
1049 1494 1222 1577 inveneris,
1245 1513 1342 1577 super
1357 1512 1420 1577 quo
1435 1500 1524 1556 tuam

329 1600 566 1663 conscienciam
598 1619 779 1681 oneramus,
810 1595 984 1662 dummodo
1012 1607 1120 1662 tamen
1148 1596 1190 1661 ab
1213 1598 1291 1683 ipsis
1313 1597 1445 1660 notariis
1467 1617 1524 1681 pu·

329 1703 422 1769 blicis
453 1726 512 1768 seu
542 1701 767 1768 tabellionibus
790 1710 823 1766 11
844 1701 1005 1767 iudicibus
1028 1701 1197 1767 ordinariis
1220 1723 1278 1787 pcr
1299 1710 1332 1767 te
1355 1700 1469 1765 fiendis
1492 1710 1525 1765 11

330 1808 481 1873 creandis
511 1817 547 1873 ut
572 1809 765 1893 premittitur
787 1817 819 1871 et
842 1829 953 1871 eorum
976 1805 1119 1893 quolibet
1141 1809 1212 1872 1111
1236 1816 1269 1871 11
1290 1808 1419 1870 nomine
1441 1806 1526 1869 sacri

329 1914 455 1998 imperii
478 1923 510 1977 et
532 1934 591 1998 pro
614 1914 684 1998 ipso
707 1911 853 1977 Romano
875 1913 1010 1997 imperio
1034 1911 1179 1977 debitum
1201 1911 1364 1976 fidelitatis
1387 1911 1525 1996 recipias

330 2016 495 2104 corporale
523 2026 556 2082 11
586 2019 753 2103 proprium
784 2019 999 2082 iuramentum
1028 2018 1061 2081 iu
1092 2016 1179 2081 bunc
1209 2015 1340 2080 modum
1362 2014 1524 2099 videlicet,

330 2121 417 2208 quod
441 2131 535 2186 erunt
557 2120 650 2186 nobis
674 2131 706 2186 et
729 2143 821 2186 sacro
844 2122 989 2186 Romano
1012 2123 1149 2206 imperio
1172 2131 1205 2185 et
1227 2119 1375 2185 omnibus
1398 2140 1525 2183 succes-

329 2225 455 2291 soribus
486 2228 601 2291 nostris
631 2226 849 2292 Romanorum
880 2225 1126 2312 imperatoribus
1158 2234 1190 2291 et
1217 2224 1349 2310 regibus
1371 2224 1525 2308 legittime

331 2331 525 2396 intrantibus
547 2330 661 2395 fideles
684 2353 746 2395 neo
768 2352 922 2416 umquam
945 2341 1040 2395 erunt
1061 2333 1094 2396 in
1111 2329 1251 2414 consilio,
1275 2328 1330 2394 ubi
1346 2327 1526 2414 pericnlum

332 2445 477 2500 nostrum
508 2444 673 2518 tractetur,
704 2433 763 2499 sed
786 2434 906 2500 bonum
928 2445 1072 2500 nostrum
1095 2445 1126 2499 11
1149 2434 1284 2499 salutem
1307 2443 1449 2499 nostram
1473 2431 1527 2497 de·

330 2538 464 2605 1111111
488 2549 520 2604 11
541 2539 679 2605 fideliter
702 2538 948 2626 permanebunt,
972 2538 1114 2624 dampna
1136 2548 1244 2603 nostra
1266 2560 1324 2625 pro
1347 2561 1406 2602 sua
1427 2539 1526 2625 possi·

333 2643 454 2709 bilitate
479 2643 646 2709 evitabunt
669 2654 701 2708 et
723 2654 880 2708 avertent.
912 2644 1066 2709 Preterea
1088 2653 1154 2708 tam
1168 2645 1381 2708 instrumenta
1394 2642 1527 2730 publica

332 2772 430 2836 quam
460 2751 597 2834 privata,
619 2748 747 2813 ultimas
770 2748 963 2832 voluntates,
987 2759 1190 2830 testamenta,
1214 2771 1418 2835 quecumque
1442 2748 1526 2814 codi-

331 2845 429 2934 cillos,
453 2874 657 2939 quecumque
679 2852 870 2918 iudiciorum
892 2863 966 2918 acta
989 2863 1022 2917 et
1044 2855 1149 2918 omnia
1173 2861 1205 2918 et
1224 2852 1360 2938 singula,
1384 2876 1447 2940 que
1462 2852 1524 2919 illis

331 2967 363 3021 et
386 2955 519 3021 cuilibet
541 2959 682 3042 ipsorum
707 2979 750 3021 ex
774 2956 883 3021 debito
907 2957 1064 3022 dictorum
1087 2957 1266 3023 officiorum
1285 2957 1394 3023 fienda
1417 2980 1526 3023 occur·

329 3063 431 3126 rerint
452 3060 504 3126 vel
528 3060 711 3145 scribenda,
736 3063 817 3126 iuste
833 3083 913 3146 pure
929 3061 1068 3127 fideliter
1082 3064 1167 3127 omni
1184 3062 1391 3127 simulacione
1406 3063 1525 3127 machi·

331 3168 469 3230 nacione
500 3166 637 3231 falsitate
665 3176 697 3231 et
720 3165 791 3231 dolo
814 3169 944 3232 remotis
967 3165 1110 3232 scribent
1131 3166 1241 3254 legent
1263 3178 1295 3232 et
1316 3168 1436 3233 facient
1461 3191 1525 3234 non

329 3268 525 3335 attendendo
549 3269 659 3335 odium
680 3273 854 3357 pecuniam
876 3293 1011 3337 munera
1034 3271 1087 3336 vel
1110 3274 1275 3358 passiones
1297 3272 1377 3338 alias
1400 3273 1523 3338 11111-

328 3396 432 3439 rores.
465 3373 647 3460 Scripturas
670 3397 757 3459 vero,
781 3397 862 3461 quas
886 3375 1053 3441 debebunt
1074 3379 1107 3442 in
1129 3377 1293 3463 publicam
1316 3378 1453 3443 formam
1476 3401 1525 3444 re-

333 3478 444 3564 digere
459 3480 491 3543 in
515 3478 712 3544 membranis
734 3479 874 3565 mundis,
897 3503 959 3545 non
983 3483 1016 3546 in
1040 3483 1136 3546 cartis
1159 3481 1283 3547 abrasis
1306 3505 1412 3569 neque
1434 3487 1523 3571 papi-

330 3584 394 3647 reis
410 3581 550 3647 fideliter
565 3583 770 3649 conscribent
786 3583 894 3671 legent
909 3584 1028 3650 facient
1043 3595 1141 3672 atque
1157 3586 1327 3652 dictabunt
1342 3609 1524 3674 causasque

330 3686 535 3772 hospitalium
558 3696 591 3752 et
611 3688 841 3754 miserabilium
863 3711 1075 3775 personarum
1089 3712 1215 3755 necnon
1231 3702 1344 3776 pontes
1360 3702 1393 3757 et
1407 3702 1524 3758 stratas

329 3791 475 3878 publicas
506 3813 564 3877 pro
594 3792 717 3857 viribus
749 3793 993 3880 promovebunt,
1018 3797 1198 3860 sentencias
1221 3806 1253 3860 et
1275 3795 1362 3861 dicta
1384 3800 1523 3882 testium,

330 3894 434 3960 donec
463 3895 629 3982 publicata
648 3897 767 3962 fuerint
789 3908 822 3961 11
843 3898 1034 3984 approbata,
1058 3898 1119 3964 sub
1141 3911 1265 3965 secreto
1288 3901 1427 3966 fideliter
1449 3905 1521 3968 reti·

328 3998 451 4065 nebunt
483 4009 515 4065 ot
544 4003 651 4065 omnia
678 4001 741 4066 alia
768 4002 1059 4088 etsingula1·ecte
1083 4014 1115 4068 11
1137 4007 1218 4069 11111
1241 4005 1369 4089 facient,
1393 4029 1456 4093 que
1480 4007 1523 4072 ad

330 4102 416 4169 dicta
436 4104 542 4170 officia
565 4104 804 4190 quomodolibet
826 4106 1035 4193 pertinebunt
1058 4109 1291 4175 consuetudine
1313 4109 1366 4175 vel
1389 4110 1430 4176 de
1452 4113 1522 4177 iure

329 4207 481 4294 quodque
514 4208 697 4274 huiusmodi
730 4212 846 4276 notarii
878 4210 998 4297 publici
1031 4235 1089 4278 seu
1118 4213 1307 4279 tabelliones
1338 4226 1370 4280 et
1399 4215 1523 4282 iudices

330 4311 481 4377 ordinarii
515 4334 574 4398 per
603 4336 638 4379 se
669 4314 803 4381 creandi
833 4324 865 4380 et
894 4316 994 4380 fiendi
1023 4319 1145 4403 possint
1174 4341 1233 4405 pcr
1262 4328 1363 4385 totum
1393 4343 1522 4386 sacrum

328 4556 411 4611 1893.
435 4556 446 4589 ¹
464 4560 560 4611 Petrus
577 4560 727 4627 Engelbert
746 4563 813 4612 1477
833 4563 875 4613 25.
888 4563 963 4614 Mttra
982 4580 1015 4614 au
1027 4563 1094 4614 Rom
1112 4565 1282 4628 consecriert‚
1301 4567 1318 4632 †
1337 4568 1521 4621 14111111-

327 4646 409 4703 brnar
428 4647 528 4715 (Gamo,
547 4648 635 4701 Series
653 4647 723 4721 ⁸22).
