3406 5300
312 396 377 461 366

312 588 432 674 ducati,
454 591 487 655 in
509 589 639 655 residuo
660 592 836 676 paternitas
858 615 889 656 v.
906 614 932 655 r.
953 590 1031 655 mihi
1054 589 1196 677 obligata
1217 601 1335 658 manet.
1359 591 1399 656 In
1414 592 1506 658 Urbe

309 716 370 781 per
399 696 586 781 episcopum
607 695 834 760 Patavisnsem
863 695 909 760 nil
939 697 1016 760 novi
1042 704 1268 781 attemptatum
1295 706 1404 783 preter
1431 698 1504 764 cita·

313 804 439 867 cionem
468 809 657 882 extractam,
688 823 762 887 qua,
793 810 828 865 ut
856 800 965 865 retulit
992 799 1069 866 mihi
1099 821 1211 866 cursor
1239 803 1383 888 episcopi
1410 801 1503 867 Pata

311 907 441 983 mensis,
464 907 581 971 missus
602 905 663 972 fuit
684 907 825 971 notarius
847 904 891 970 ad
913 904 1141 992 exequendam
1162 928 1243 971 eam.
1282 906 1317 973 Si
1339 908 1386 971 sio
1408 916 1503 991 esset,

312 1012 442 1077 mittetis
473 1008 514 1074 de
543 1009 677 1096 singulis
707 1012 805 1096 gestis
828 1010 948 1075 claram
970 1010 1014 1075 ad
1036 1032 1089 1076 mc
1111 1011 1383 1096 informacionem,
1407 1015 1505 1078 etiam

312 1118 382 1182 iura
408 1125 441 1181 et
461 1115 583 1181 litteras
605 1115 751 1181 Prenner
773 1137 870 1202 super
886 1117 1119 1202 jagersuppen.
1162 1116 1234 1181 Non
1259 1126 1307 1181 est
1328 1138 1408 1203 opus
1431 1118 1506 1183 cita-

312 1223 404 1286 cione
434 1242 533 1308 super
561 1222 683 1285 iniuriis
713 1229 825 1285 contra
855 1221 1041 1306 episcopum
1063 1220 1301 1287 Pataviensem.
1346 1221 1418 1306 Ego
1449 1244 1504 1287 eas

313 1324 399 1392 clare
434 1323 604 1410 deducam,
637 1327 664 1390 si
696 1324 828 1390 redierit
861 1326 1016 1390 execucio
1051 1326 1224 1391 citacionis.
1272 1325 1505 1392 Nichilominus

311 1430 539 1516 specificentur
568 1429 654 1495 clare
683 1432 716 1495 in
746 1432 884 1495 missivis
914 1428 957 1494 ad
981 1428 1116 1495 Urbem.
1163 1431 1215 1495 De
1241 1432 1505 1517 incorporacione

312 1535 522 1601 ecclesiarum
543 1534 605 1599 hoc
626 1544 771 1621 tempore
793 1534 837 1599 nil
857 1534 1114 1621 attemptandum
1130 1545 1187 1619 est,
1211 1538 1287 1621 quia
1301 1557 1388 1622 papa
1402 1557 1506 1601 senex

313 1649 346 1705 et
367 1642 395 1705 si
416 1651 605 1721 moreretur,
636 1661 747 1705 omnes
770 1661 914 1725 expense
937 1650 1045 1704 essent
1067 1639 1202 1726 perdite,
1226 1642 1302 1725 quia
1323 1640 1505 1706 verosimile

314 1755 364 1811 est
393 1767 467 1810 eum
498 1746 596 1809 cicius
627 1746 718 1828 mori,
749 1766 847 1830 quam
876 1754 1018 1810 rectores
1045 1754 1079 1811 et
1099 1766 1303 1810 successores
1325 1756 1505 1831 revocaret,

313 1871 425 1916 omnes
454 1850 733 1934 incorporaciones
764 1871 828 1913 non
857 1850 1046 1914 sortirentur
1074 1849 1236 1930 effectum,
1266 1871 1329 1936 que
1351 1852 1420 1915 sine
1442 1872 1507 1914 ma·

313 1958 385 2041 gnis
414 1956 560 2040 pecuniis
591 1952 706 2019 haberi
736 1976 799 2019 non
821 1964 963 2039 possent.
1009 1954 1084 2019 Misi
1106 1957 1296 2021 eitacionem
1319 1964 1432 2020 contra
1454 1955 1507 2020 do

313 2062 435 2126 minum
458 2059 651 2143 Gregorium
671 2059 799 2123 Pintter
820 2080 919 2145 super
939 2058 1115 2146 parochiali
1138 2058 1277 2124 ecclesia
1299 2061 1333 2124 in
1354 2059 1453 2125 Nalib
1475 2069 1507 2125 et

313 2186 407 2251 spero
438 2186 511 2229 eam
540 2161 582 2228 ab
614 2185 651 2228 eo
682 2166 842 2229 evincere.
886 2149 1010 2229 ¹Cr'taoio
1042 2174 1092 2229 est
1113 2166 1146 2229 in
1169 2163 1266 2229 Tulln
1290 2186 1364 2229 oum
1385 2164 1507 2230 Ioanne

311 2268 497 2354 Riedinger.
544 2268 631 2353 Ergo
653 2278 845 2354 procuretur
867 2278 903 2334 ut
925 2278 1115 2355 exequatur.
1161 2269 1274 2355 Geyer
1296 2269 1434 2334 obtinuit
1455 2291 1505 2334 ec-

313 2373 443 2439 elesiam
472 2376 505 2439 in
532 2372 622 2438 Kulb
653 2382 806 2438 revocata
835 2383 868 2438 et
898 2375 1063 2438 sentencia
1093 2395 1151 2460 pro
1173 2371 1335 2438 Michaele
1358 2372 1504 2459 Huepler

311 2479 386 2544 lata.
421 2477 532 2543 Obtuli
556 2478 691 2543 dominis
714 2477 839 2543 clericis
861 2480 895 2543 in
917 2500 1048 2543 camera
1069 2477 1244 2563 apostolica
1266 2499 1325 2564 pro
1347 2476 1503 2543 iocalibus

312 2583 355 2648 24
370 2583 504 2648 ducatos
525 2606 584 2668 pro
606 2581 695 2648 bulla
716 2584 946 2669 exempcionis,
969 2605 1035 2670 qua
1057 2582 1169 2648 habita
1190 2580 1371 2647 dominacio
1393 2592 1504 2647 vestra

311 2686 493 2754 reverenda
515 2689 632 2773 poterit
653 2688 799 2773 recipere
822 2689 939 2752 crisma
962 2685 1184 2752 ordinaciones
1207 2686 1418 2752 ecclesiarum
1441 2695 1502 2752 etc.

312 2818 333 2860 a
369 2815 571 2880 quocumque
609 2794 758 2858 antistite.
811 2793 925 2857 Eoiam
958 2791 1054 2858 modo
1087 2801 1218 2878 propter
1250 2800 1503 2878 transsumptum

310 2921 396 2987 pape
412 2897 537 2963 Nicolai
559 2897 638 2963 alias
660 2899 884 2963 transmissum
905 2896 1059 2962 iubileum
1081 2894 1270 2962 admodum
1286 2895 1504 2962 universalem

312 3027 375 3070 non
406 3026 535 3090 possem
563 3003 685 3068 habere
716 3001 802 3068 mille
832 3001 958 3067 ducatis
988 3023 1051 3066 nec
1082 3001 1190 3086 credo,
1221 3000 1308 3088 quod
1331 3001 1427 3067 alicui
1450 3001 1503 3066 da·

312 3110 399 3175 bitur
428 3110 489 3172 nisi
518 3110 644 3194 magnis
673 3110 828 3193 pecuniis,
860 3106 1057 3193 denegatum
1086 3116 1119 3171 et
1148 3106 1209 3171 hiis
1237 3105 1352 3172 diebus
1375 3105 1503 3171 domino

312 3212 581 3279 reverendissimo
612 3211 865 3298 saltzburgensi,
896 3214 950 3298 qui
981 3221 1153 3298 propterea
1182 3209 1358 3298 specialem
1391 3210 1504 3276 habuit

312 3321 495 3385 oracionem
520 3321 554 3383 in
576 3316 667 3384 Urbe
695 3326 755 3383 etc.
800 3318 861 3382 His
891 3319 1118 3404 paternitatem
1145 3339 1177 3381 v.
1200 3338 1227 3381 r.
1251 3317 1370 3402 optime
1393 3314 1504 3381 valere

313 3426 416 3509 cupio,
440 3426 492 3487 cui
514 3444 566 3487 me
588 3424 683 3487 unice
707 3420 907 3487 commendo.
944 3421 999 3486 Ex
1014 3420 1106 3487 Urbe
1130 3420 1182 3486 die
1204 3423 1308 3506 prima
1329 3419 1396 3486 iulii
1418 3443 1503 3486 anno

312 3538 373 3594 etc.
398 3527 450 3592 99.
495 3526 570 3592 Alia
600 3549 642 3592 ex
671 3526 785 3592 litteris
813 3548 886 3591 cum
909 3526 1036 3613 prefato
1059 3525 1186 3591 domino
1210 3525 1354 3591 Iohanne
1377 3525 1504 3591 Ruedel

311 3635 416 3699 missis
438 3641 550 3698 vestra
570 3631 726 3718 intelliget
747 3653 773 3696 r.
790 3654 822 3718 p.

415 3737 481 3803 Per
502 3738 702 3824 paternitatis
725 3759 755 3801 v.
771 3758 798 3801 r.
822 3735 1056 3801 deditissimum
1077 3736 1300 3801 inservitorem
1322 3734 1503 3821 Rupertum

312 3841 432 3930 Spiegl.

355 4052 458 4121 2207.
1161 4055 1244 4113 uos
1258 4056 1321 4113 salt
1333 4055 1362 4122 8,
1378 4054 1459 4113 Bon.

311 4229 437 4312 Rapert
459 4227 576 4312 Spiepl
606 4229 662 4294 der
691 4226 880 4310 Gdttweipcr
900 4226 1004 4309 Aperit
1034 4246 1078 4291 aa
1108 4225 1164 4291 der
1193 4225 1367 4292 rumorum
1397 4223 1503 4303 osee,

310 4333 444 4399 scireut
464 4333 530 4399 Abt
557 4333 704 4399 Matbios
725 4332 755 4397 1.
778 4353 838 4397 ooo
869 4330 1023 4414 Gottwo'p
1049 4351 1153 4414 suspen
1179 4331 1235 4396 der
1265 4329 1503 4413 Ueberscaduap

416 4614 499 4681 Orig„
517 4615 581 4681 Pap.
600 4612 739 4666 Petschait
756 4615 792 4664 ist
809 4628 870 4662 aum
883 4610 1056 4663 Verscblusse
1074 4616 1155 4662 unter
1166 4608 1349 4677 Papisrdecks
1361 4610 1390 4661 iu
1402 4608 1504 4662 rothem

312 4702 428 4755 Wachss
446 4701 635 4770 autgedrflckt3
654 4701 738 4768 copie
756 4702 785 4751 in
803 4700 932 4751 Censet
951 4695 1039 4768 (rothe
1057 4713 1107 4761 nn,
1125 4696 1284 4763 unlolilert).
