3388 5302
1289 425 1349 490 161

155 628 262 683 torum
293 626 325 682 et
355 626 540 703 rogatorum
561 619 731 703 presencia
752 608 897 703 prefatus
921 616 1068 681 dominus
1083 616 1274 682 Valentinus
1298 616 1351 681 de·

156 744 257 787 canus
280 732 346 787 tarn
368 744 427 808 pro
450 744 485 786 se
508 743 606 807 quam
629 723 727 786 etiam
742 723 844 786 tocius
859 720 1052 786 venerabilis
1068 720 1198 808 capituli
1215 721 1351 786 ecclesie

155 828 218 891 iam
251 826 337 891 dicte
367 827 474 892 animo
505 835 537 891 et
563 828 744 891 intencione
766 825 966 912 provocandi
989 836 1022 891 et
1043 825 1229 913 appellandi
1252 847 1351 912 quan-

157 930 232 997 dam
262 930 493 1017 appellacionis
524 932 628 1017 papiri
659 930 818 1014 cedulam,
850 952 947 1017 quam
975 939 1052 996 tunc
1075 932 1109 996 in
1131 933 1197 996 suis
1219 929 1353 996 tenebat

155 1035 317 1120 manibus,
341 1038 373 1100 in
396 1035 539 1101 medium
562 1034 710 1100 exhibuit
731 1044 828 1121 atquc
851 1037 1042 1121 interposuit
1064 1058 1104 1100 ac
1127 1034 1167 1100 de
1190 1033 1293 1100 verbo
1308 1034 1351 1100 ad

156 1139 295 1205 verbnm
325 1138 461 1225 perlegit
487 1141 676 1225 provocavit
705 1160 833 1225 quoque
862 1148 894 1203 et
916 1138 1094 1225 appellavit
1115 1139 1274 1225 apostolos
1297 1147 1354 1204 aut

156 1245 271 1310 saltem
293 1243 415 1309 litteras
438 1243 666 1309 testimoniales
689 1246 787 1329 peciit
810 1265 850 1308 ac
872 1242 951 1308 alias
975 1252 1007 1309 et
1029 1244 1093 1308 alia
1109 1243 1202 1309 duxit
1218 1242 1351 1325 etfacit,

157 1347 431 1436 quemadmodum
453 1353 486 1414 in
510 1349 626 1414 eadem
649 1349 877 1434 appellacionis
899 1350 1002 1435 papiri
1026 1348 1143 1414 cedula
1162 1349 1295 1413 inferius
1311 1347 1352 1412 de

156 1454 258 1519 verbo
287 1453 332 1519 ad
360 1453 497 1519 verbum
519 1456 640 1519 inserta
662 1453 763 1518 lacius
787 1455 990 1519 continentur
1012 1463 1044 1518 et
1066 1453 1237 1536 habentur,
1261 1454 1352 1518 cuius

155 1569 249 1624 tenor
279 1561 423 1645 sequitur
453 1569 485 1624 et
515 1569 564 1623 est
593 1559 679 1623 talis:
711 1580 760 1642 ea,
791 1580 855 1644 qne
885 1557 927 1623 de
957 1559 1043 1623 iacto
1071 1558 1154 1624 liunt
1175 1557 1270 1642 male,
1294 1579 1353 1622 sua

156 1672 264 1747 ruunt,
299 1665 424 1729 etiamsi
457 1662 630 1749 aliquando
664 1685 708 1727 ex
741 1664 946 1747 suggestione
976 1664 1196 1728 circumvento
1228 1683 1351 1727 summo

157 1768 309 1853 pontifice
343 1791 362 1833 a
396 1767 474 1833 sede
508 1766 684 1854 apostolica
719 1775 880 1851 emanant,
915 1790 989 1833 cum
1020 1789 1164 1833 summus
1194 1767 1351 1853 pontifex,

157 1896 220 1959 qne
250 1873 339 1938 facta
369 1883 453 1956 sunt,
484 1876 634 1959 ignorare
656 1874 764 1959 possit.
811 1872 854 1938 Et
874 1872 948 1937 idco
971 1896 1014 1938 ex
1036 1875 1220 1959 importuna
1242 1881 1352 1959 peten-

158 1981 243 2044 cinm
273 1980 432 2044 instancia
462 1978 637 2065 aliquando
668 2000 778 2043 errare
801 1987 857 2042 aut
880 1977 1059 2043 concedere
1082 1981 1115 2043 in
1138 1977 1352 2063 preiudicinm

157 2093 189 2147 et
211 2082 460 2169 derogacionem
482 2086 542 2148 rite
565 2092 598 2148 et
618 2082 772 2169 legittime
796 2082 877 2148 ultro
901 2085 1045 2170 citroque
1060 2081 1147 2149 bona
1162 2081 1228 2148 lide
1243 2092 1352 2169 pacto·

158 2210 228 2254 rum
263 2198 296 2253 et
328 2198 570 2272 conventorum,
600 2209 709 2274 ymmo
739 2189 847 2253 verius
874 2189 1087 2253 violacionem
1117 2186 1353 2252 cathedralium

158 2292 369 2359 ecclesiarum
393 2305 425 2359 et
448 2293 625 2360 earundem
647 2295 764 2359 inrinm
787 2315 826 2357 ae
850 2292 1089 2379 privilegiorum
1112 2293 1266 2378 legittime
1282 2314 1353 2377 pre-

158 2400 350 2484 scriptorum
383 2407 475 2485 parte
505 2421 569 2463 non
598 2407 715 2463 vocata
745 2419 851 2485 neque
882 2397 993 2464 audita
1024 2400 1056 2462 in
1086 2397 1196 2463 inclita
1225 2398 1354 2461 natione

161 2503 358 2569 Germanica
388 2505 595 2569 existentium
625 2503 846 2569 confusionem
875 2526 914 2568 ac
944 2510 1056 2567 sancte
1082 2503 1193 2567 matris
1217 2501 1354 2566 ecclesie

161 2608 352 2674 scandalum
373 2631 438 2674 non
460 2608 631 2674 mediocre.
676 2608 763 2674 Huic
786 2629 844 2673 nos
860 2606 1052 2673 Wilhelmus
1075 2608 1267 2693 prepositus,
1290 2606 1354 2670 Va·

161 2713 299 2778 lentinus
331 2713 474 2779 decanus
505 2735 544 2777 ac
575 2712 750 2798 capitulum
781 2712 918 2778 ecclesie
940 2712 1141 2778 Pataviensis
1164 2712 1257 2798 gravi
1280 2731 1355 2776 cnm

162 2817 294 2904 querela
323 2821 429 2884 animo
463 2827 496 2883 et
523 2820 704 2883 intencione
734 2816 920 2904 appellandi
945 2814 1144 2903 provocandi
1167 2838 1224 2881 seu
1246 2816 1355 2881 verius

162 2921 366 3009 supplicandi
396 2925 477 2987 citra
506 2930 615 2988 tamen
638 2943 915 3007 quarumcumque
938 2919 1075 2985 aliarum
1098 2919 1355 3007 appellaeionum

162 3030 194 3092 in
224 3028 288 3094 hac
319 3049 417 3093 causa
447 3049 506 3114 per
535 3049 593 3092 nos
616 3035 672 3091 aut
693 3048 750 3112 pro
775 3034 865 3111 parte
887 3033 998 3089 nostra
1019 3027 1277 3110 interpositarum
1302 3022 1354 3087 de·

161 3135 367 3220 rogacionem
390 3155 499 3198 coram
521 3131 614 3197 vobis
636 3133 766 3196 notariis
786 3128 924 3216 publicis
940 3130 1075 3195 dicimus
1091 3140 1124 3195 et
1138 3131 1355 3215 proponimus,

162 3238 250 3325 qnod
279 3237 356 3302 licet
376 3260 480 3323 nuper
503 3236 653 3301 videlicet
675 3235 728 3300 die
743 3235 912 3318 Veneris,¹
944 3232 1071 3299 decima
1100 3235 1220 3299 mensis
1242 3234 1356 3298 marcii

162 3345 265 3425 (1430
287 3343 386 3410 Mdra
407 3345 465 3428 10)
496 3344 572 3407 anni
602 3342 760 3408 currentis
787 3342 995 3425 octuagesimi
1018 3349 1051 3403 et
1072 3340 1207 3404 termino
1230 3360 1355 3425 compe

161 3450 242 3514 tenti
272 3471 292 3513 a
322 3447 463 3535 quadam
492 3456 644 3533 pretcnsa
674 3447 856 3532 provisione
880 3444 1036 3509 electione
1059 3453 1091 3509 et
1113 3443 1355 3508 confirmatione

162 3575 221 3639 per
251 3555 489 3619 sanctissimum
520 3550 683 3617 dominnm
712 3559 867 3634 nostrum,
899 3548 1064 3614 dominnm
1094 3548 1223 3614 Sixtum
1245 3546 1356 3612 divina

162 3657 374 3744 providencia
400 3681 518 3746 papam
545 3666 694 3746 quartum
721 3652 990 3720 reverendissimo
1013 3654 1046 3718 in
1069 3652 1196 3718 Christo
1218 3653 1302 3738 patri
1324 3661 1357 3716 et

164 3764 304 3848 domino,
336 3763 464 3828 domino
494 3763 634 3847 Georgio
663 3760 704 3826 de
734 3758 902 3843 Heseler,²
931 3756 1021 3823 titulo
1052 3766 1161 3822 sancte
1193 3756 1296 3822 Lneie
1322 3757 1355 3819 in

165 3867 260 3934 Silice
285 3865 476 3953 presbytero
499 3864 663 3949 cardinali,
688 3864 729 3929 de
745 3864 931 3929 Pataviensi
948 3861 1085 3926 ecclesia
1100 3883 1205 3947 nuper
1218 3868 1355 3925 vacante

165 3981 277 4038 contra
307 3980 448 4037 nostram
480 3970 667 4035 canonicam
698 3968 896 4034 eleccionem
918 3966 960 4031 de
982 3965 1164 4031 reverendo
1187 3973 1279 4051 patre
1303 3962 1355 4028 do

165 4198 246 4253 last.
268 4199 336 4250 ¹nr.
357 4201 431 4249 1932.
466 4199 568 4249 Hansia
591 4198 691 4263 (Germ,
708 4211 783 4247 sacra
806 4197 828 4259 1,
851 4194 913 4260 576)
935 4195 1022 4246 lrennt
1043 4194 1088 4244 die
1105 4191 1280 4259 Appellation
1303 4206 1357 4241 von

168 4289 234 4339 1480
251 4287 327 4337 Mara
340 4287 373 4336 10
390 4286 474 4347 nicht,
492 4285 565 4336 flthrt
582 4285 647 4336 aher
665 4286 727 4335 eine
744 4284 834 4334 solche
852 4288 930 4333 unter
948 4282 1008 4334 dem
1027 4284 1069 4332 24.
1082 4281 1140 4331 Mai
1161 4281 1226 4330 1480
1244 4294 1287 4329 an.
1310 4276 1357 4328 So·

167 4377 213 4425 mit
235 4377 308 4425 wdre
329 4373 502 4440 vorliagende
520 4389 558 4423 nr.
576 4373 675 4424 bereits
693 4372 737 4422 die
755 4371 834 4421 dritte
851 4369 1034 4436 Appellation.
1070 4396 1102 4405 -
1139 4365 1270 4417 'Wnrde
1290 4365 1356 4415 1477

166 4462 230 4513 Dee
246 4464 278 4512 10
296 4461 345 4513 ani
360 4461 503 4512 Betreiben
520 4460 628 4509 Kaisers
646 4457 783 4508 Friedrich
798 4457 856 4518 111,
878 4458 972 4507 dessen
991 4456 1113 4506 Secretiir
1135 4453 1190 4503 und
1209 4452 1358 4506 Gesandter

167 4565 196 4602 er
217 4566 282 4614 war,
305 4566 358 4600 von
375 4549 458 4615 Papst
475 4546 564 4598 Sixtns
576 4546 622 4598 IV.
641 4552 720 4595 unter
738 4545 798 4594 dem
810 4543 1019 4608 Widerspruehe
1037 4541 1089 4591 fast
1107 4540 1153 4591 des
1171 4554 1275 4607 ganaen
1294 4538 1356 4589 Oar-

168 4639 398 4703 dinalcollegiums
425 4636 473 4686 mit
499 4635 559 4685 dem
586 4633 792 4685 cardinalshnte
818 4631 1025 4697 auageneiehnet
1047 4628 1138 4695 (hreh.
1162 4628 1180 4680 f.
1206 4628 1239 4678 K.
1265 4631 1357 4677 osterr.

169 4723 391 4787 dasch-Qnellen
403 4722 449 4786 vl,
467 4724 526 4783 413,
544 4738 570 4771 n.
584 4723 695 4783 Hamis,
713 4722 800 4773 Germ.
814 4735 890 4769 saera
908 4719 929 4780 1,
948 4716 1017 4782 526).

218 4817 326 4860 Fontes.
345 4815 375 4857 11.
384 4814 449 4858 asan.
466 4813 558 4857 MV.
1170 4803 1198 4851 11
