3406 5300
286 404 351 468 362

286 598 322 661 ia
344 595 564 662 Deutecblaad
593 616 637 661 aa
666 596 723 660 der
750 594 924 660 ramessen
948 593 1044 661 Oara'e
1063 615 1159 678 papea
1181 595 1242 659 dea
1264 593 1404 675 Bisaltas
1420 613 1481 658 voa

694 698 822 765 Passus
844 699 1070 764 aaeuaelmea.

391 875 472 942 Orig,
495 876 560 941 Pap.
596 874 734 926 Petsehaft
757 878 792 925 ist
814 875 863 925 auf
882 873 930 926 der
947 875 1092 926 Rllclrseite
1115 875 1143 923 iu
1166 874 1268 924 rothem
1287 873 1400 923 Wachse
1418 889 1478 922 zum

287 962 459 1013 Versclilusse
477 961 666 1029 ausgedrtlclrt3
684 962 768 1028 Oopie
786 963 815 1011 in
834 961 897 1013 Cod.
912 961 964 1011 894
982 961 1069 1027 (rothe
1088 977 1137 1022 nr,
1155 960 1314 1027 unfoliicrt).

390 1083 514 1135 Adresse:
534 1082 682 1134 Reuerendo
699 1087 727 1133 a'a
749 1084 849 1136 Christo
863 1086 938 1149 patri
955 1083 1064 1146 domino,
1083 1082 1184 1134 denatae
1203 1082 1301 1133 Mathis
1319 1083 1405 1132 abbati
1421 1080 1480 1131 Got-

286 1173 388 1233 bicenee',
406 1171 505 1222 mdinr'e
522 1175 604 1223 carrecta¹
621 1170 760 1233 Benedicti,
772 1172 860 1235 fratri
876 1171 1057 1222 eclerrdiesa'aw.

390 1345 583 1412 Reverendo
616 1348 723 1433 paterl
775 1347 853 1411 Post
886 1345 1197 1410 commendationem
1231 1346 1410 1431 comparuit
1446 1346 1480 1408 in

286 1452 377 1519 Urbe
411 1450 558 1516 dominus
591 1451 740 1534 Iacobus,
774 1450 932 1536 plebanus
966 1453 997 1515 in
1029 1450 1189 1537 Halpach,
1222 1453 1322 1515 vestri
1351 1452 1479 1514 nomine

287 1555 453 1644 corporale
484 1578 557 1621 cum
587 1555 741 1621 lacelletis
771 1577 811 1620 ac
840 1557 1037 1642 paramentis
1067 1554 1295 1642 presentando,
1326 1576 1385 1640 pro
1416 1575 1479 1640 quo

286 1664 405 1747 gratias
436 1661 528 1726 vobis
557 1661 663 1726 refero
689 1662 872 1726 immensas.
919 1660 985 1741 Qui
1013 1683 1055 1725 ex
1078 1683 1141 1746 quo
1163 1668 1199 1724 nt
1221 1660 1358 1724 asseruit
1381 1657 1480 1723 domi·

286 1789 364 1832 num
375 1767 556 1852 Rupertum
569 1765 721 1852 Speghel,
737 1775 980 1852 procuratorem
993 1764 1112 1830 domini
1124 1766 1267 1851 episcopi
1278 1764 1479 1828 Pataviensis

287 1882 469 1958 acceperat,
492 1894 534 1936 ne
557 1870 645 1957 apud
668 1870 808 1935 eundem
830 1874 1017 1956 episcopum
1038 1880 1075 1935 ιιι
1096 1879 1205 1934 vester
1228 1868 1413 1933 sollicitator
1435 1870 1480 1932 in·

288 1986 455 2041 casaretur
483 1978 515 2040 in
546 1976 595 2040 sui
625 1974 815 2061 periculum,
846 1974 888 2039 ad
917 1997 969 2040 me
992 1973 1176 2058 declinavit,
1199 1975 1386 2038 memoriam
1408 1995 1479 2057 pre

287 2083 436 2164 sentavit,
467 2102 563 2166 quam
595 2079 672 2144 dum
698 2080 823 2164 prelato
852 2081 1004 2164 magistro
1027 2080 1170 2164 Ruperto
1194 2077 1407 2161 ostenderem,
1431 2099 1479 2141 re·

286 2183 428 2272 spondit:
459 2185 561 2249 frater
583 2184 753 2268 lohannes,
783 2194 820 2248 ut
848 2193 958 2248 vestra
980 2206 1011 2270 p.
1035 2186 1133 2266 novit,
1156 2193 1229 2269 post
1250 2182 1347 2268 longa
1368 2180 1479 2246 ulcera

285 2293 492 2376 martirisque
522 2299 658 2354 mortem
688 2288 775 2354 obiit.
821 2289 1000 2375 Episcopus
1029 2288 1232 2353 Pataviensis
1261 2296 1297 2352 ut
1325 2289 1411 2351 scitis
1434 2287 1479 2351 nil

286 2397 361 2460 novi
392 2396 596 2480 attemptavit
624 2396 686 2458 nisi
715 2396 907 2480 rescriptum
937 2391 1111 2479 quoddam,
1145 2395 1236 2458 cuius
1258 2395 1370 2478 vigore
1392 2412 1479 2456 nunc

286 2500 394 2564 forsan
416 2499 519 2564 abbas
543 2502 658 2563 citatus
682 2508 739 2563 est.
769 2498 804 2564 si
826 2498 922 2562 aliam
945 2499 1135 2562 citacionem
1158 2506 1270 2562 contra
1292 2499 1479 2582 episcopum

286 2613 376 2691 petat
403 2626 500 2690 snper
526 2605 649 2668 iniuriis
672 2626 731 2690 per
752 2604 954 2690 rescriptum,
976 2603 1101 2667 fatuum
1124 2612 1183 2683 est,
1205 2604 1267 2666 nisi
1290 2600 1478 2666 mandatum

286 2712 391 2773 mittat
419 2719 452 2773 et
481 2711 696 2773 committatur
723 2710 756 2772 in
778 2718 858 2773 rota.
903 2708 955 2772 De
978 2707 1047 2772 aliis
1069 2706 1278 2794 impetrandis
1300 2708 1392 2770 iuxta
1413 2728 1478 2770 me·

287 2811 419 2878 moriale
449 2813 572 2898 absque
602 2814 740 2898 pecunia
770 2812 856 2877 effici
878 2814 977 2897 possit
1000 2811 1106 2876 nichil.
1152 2810 1272 2877 Scribit
1292 2809 1412 2875 ibidem
1437 2808 1479 2873 de

288 2917 435 2982 ducentis
465 2917 530 2981 LX
553 2917 688 3000 ducatiS,
719 2939 799 3003 quos
829 2915 904 2980 olim
934 2938 1008 2980 cum
1037 2938 1094 2980 suo
1125 2914 1277 2979 mandato
1309 2915 1350 2979 de
1373 2914 1479 2979 banco

287 3024 400 3110 accepi
430 3030 461 3087 et
490 3022 590 3087 frater
611 3019 779 3108 Io(annes)
803 3031 917 3106 elego
940 3031 1124 3107 computum
1147 3022 1337 3084 remisimus.
1383 3017 1479 3083 Bulla

288 3129 489 3211 exemtionis,
520 3149 615 3213 quam
647 3135 756 3190 vestra
785 3147 817 3210 p.
841 3125 986 3208 obtinuit,
1014 3135 1076 3190 stat
1098 3128 1130 3189 in
1154 3147 1292 3206 camera,
1317 3146 1374 3210 pro
1396 3125 1479 3188 ioca·

285 3231 370 3296 libus
393 3241 425 3297 et
447 3230 582 3295 ducatos
604 3230 750 3295 XXIIII.
789 3230 862 3294 Hec
885 3241 917 3295 et
938 3230 1052 3294 similia
1075 3231 1150 3293 satis
1174 3228 1290 3312 frigide
1313 3227 1480 3315 respondit

288 3357 362 3400 cum
384 3336 464 3419 aliis,
488 3358 550 3421 qne
573 3335 660 3399 sileo.
700 3334 892 3399 Reverende
916 3336 1021 3421 pater!
1061 3333 1158 3415 Quod
1180 3336 1212 3398 in
1236 3333 1418 3418 Salzburga
1433 3332 1476 3397 ad

288 3450 429 3505 vestram
462 3438 668 3504 concordiam
690 3438 734 3503 nil
757 3439 878 3503 factum
902 3441 943 3503 sit
965 3449 997 3503 et
1020 3437 1106 3524 quod
1129 3447 1253 3503 vestros
1277 3437 1410 3502 clericos
1433 3460 1480 3502 or·

289 3545 411 3630 dinare,
434 3544 505 3609 loca
521 3566 712 3608 consecrare
728 3565 785 3608 seu
801 3542 1022 3608 reconciliari·
1038 3552 1166 3607 recuset
1182 3545 1362 3629 episcopus,
1386 3544 1481 3628 parvi

288 3649 380 3714 facio.
420 3649 550 3714 Habitis
573 3651 658 3713 enim
681 3647 775 3713 bullis
798 3651 924 3733 vestris,
949 3670 1029 3734 quas
1044 3657 1176 3734 propter
1191 3649 1394 3712 resistencias
1409 3668 1480 3732 pre

290 3764 473 3818 curatorum
502 3755 644 3839 episcopi
674 3753 920 3818 laboriosissime
952 3752 1023 3838 plus
1050 3775 1148 3839 quam
1170 3774 1255 3817 anno
1278 3754 1402 3837 integro
1426 3751 1480 3816 ob·

288 3861 391 3923 tinere
422 3857 589 3941 desudavi,
612 3860 743 3923 mittatis
766 3866 890 3922 vestros
913 3857 955 3922 ad
977 3857 1056 3921 alias
1080 3856 1235 3940 dioceses,
1258 3858 1391 3921 utamini
1414 3855 1481 3919 offi-

290 3966 339 4028 cio
369 3964 646 4050 suffraganeorum
677 3963 812 4027 aliorum
844 3973 876 4028 et
906 3984 1102 4048 quamquam
1133 3984 1190 4048 pro
1218 3961 1349 4026 infamia
1371 3969 1481 4025 vestra

289 4067 453 4155 multiplici
488 4070 672 4133 continuata
705 4067 747 4132 de
777 4078 886 4132 vestra
916 4066 1092 4132 emerenda
1122 4066 1302 4153 disperaret
1333 4064 1481 4131 dominus

288 4173 450 4259 Repertus
474 4183 506 4237 et
528 4173 628 4237 frater
648 4170 815 4257 Io(annes)
839 4171 1010 4236 defunctus
1033 4181 1066 4236 et
1088 4193 1149 4257 ego
1169 4173 1223 4255 ita,
1247 4169 1333 4256 quod
1353 4169 1480 4255 dispen-

290 4279 453 4341 sacionem
475 4299 495 4340 a
518 4299 569 4341 me
593 4286 760 4363 expeteret
781 4277 881 4341 frater
900 4275 962 4358 ille,
987 4275 1072 4362 quod
1088 4276 1213 4361 absque
1228 4285 1337 4340 vestra
1350 4273 1481 4339 lieentia

289 4380 332 4446 ad
355 4381 491 4447 Sacrum
513 4380 654 4467 Specum
681 4403 715 4446 se
738 4380 914 4446 transferre
937 4389 1053 4466 posset.
1099 4379 1196 4444 Nunc
1218 4387 1326 4443 tamen
1350 4400 1392 4443 ex
1415 4400 1480 4464 quo

290 4484 438 4549 dominus
460 4484 599 4549 Iacobus
628 4496 770 4550 vestram
791 4508 823 4572 p.
847 4483 958 4550 laudat
980 4494 1012 4548 et
1034 4506 1094 4569 ego
1116 4486 1150 4547 in
1172 4492 1279 4548 vestro
1302 4481 1482 4547 memoriali

290 4709 378 4764 2205.
396 4722 409 4747 ⁸
428 4713 498 4764 slata
515 4713 684 4764 reconciliare.
