3388 5302
1294 423 1353 488 117

158 618 201 684 ad
232 621 409 684 notariatus
439 618 581 685 officium
604 629 751 706 spectare
774 620 926 687 videntur
949 632 982 687 et
1003 623 1164 716 pertinepe
1189 626 1356 683 eonsuetu-

159 723 235 788 dine
258 723 312 789 vel
336 723 376 789 de
399 727 468 789 iure
490 724 635 790 volentes
658 727 790 811 insuper
805 729 997 791 auctoritate
1012 734 1122 790 nostra
1138 745 1271 789 cesarea
1286 744 1355 808 pre·

160 827 257 911 diota,
283 827 369 914 quod
392 831 611 894 instrumentis
634 832 714 895 aetio
738 839 770 896 et
793 833 959 916 scripturis
981 853 1041 917 per
1061 841 1092 895 te
1112 840 1149 894 ut
1163 830 1357 916 premittitur

158 932 277 997 fiendis
301 933 541 999 conseribendis
564 944 630 999 tam
652 936 684 998 in
707 934 825 1001 iudieio
841 958 939 1022 quam
956 944 1050 1000 extra
1064 933 1146 999 fides
1162 932 1357 998 adhibeatur

159 1036 308 1122 plenaria
330 1041 533 1123 preseneium
557 1039 617 1105 sub
641 1042 742 1105 nostri
764 1041 939 1126 imperialis
961 1038 1054 1126 sigilli
1078 1040 1293 1124 appenssione
1312 1046 1355 1101 te·

159 1144 309 1207 stimonio
331 1142 519 1208 litterarum.
562 1143 685 1210 Datum
708 1147 741 1209 in
763 1144 859 1230 opido
882 1155 991 1210 nostro
1014 1141 1178 1209 Krembs¹
1203 1143 1357 1207 vicesimo

159 1268 247 1312 nono.
278 1246 331 1311 die
354 1250 473 1313 mensis
496 1247 563 1312 iulii
585 1271 670 1313 anno
692 1248 813 1315 domini
836 1247 1158 1332 MOOOGLXXVII,
1182 1267 1357 1332 regnorum

157 1362 342 1417 nostrorum
375 1352 512 1418 Romani
545 1355 705 1419 tricesimo
740 1363 864 1436 octavo,
902 1355 1028 1440 imperii
1062 1355 1215 1419 vicesimo
1250 1361 1355 1435 sexto,

157 1456 329 1542 Hungarie
351 1479 429 1522 vero
453 1456 578 1522 decimo
602 1480 695 1524 nono.

264 1587 411 1643 Durunter
433 1588 471 1643 ist
493 1589 648 1645 vormerkt:
694 1580 792 1646 quta
819 1583 1045 1646 continentiam
1067 1580 1162 1645 huius
1185 1581 1356 1645 iuramenti

161 1694 194 1748 et
215 1705 387 1769 processus
410 1692 538 1748 oreatus
561 1694 609 1749 est
632 1674 810 1770 Gregorius
832 1685 943 1750 Pinter
966 1684 1007 1751 de
1029 1685 1175 1750 Laibaoo
1198 1687 1232 1751 in
1254 1683 1355 1770 publi·

158 1810 234 1852 oum
258 1789 416 1853 notorium
438 1787 551 1854 ultima
574 1788 626 1854 die
648 1791 767 1855 mensis
790 1788 857 1855 iulii
880 1812 964 1854 anno
987 1799 1048 1855 eto.
1073 1789 1238 1857 LXXVII
1258 1792 1358 1875 (1477

157 1892 234 1958 Jtdt‘
257 1894 316 1976 31)
346 1914 366 1956 a
395 1894 665 1959 reverendissimo
695 1897 728 1959 in
750 1894 877 1961 Christo
905 1906 996 1980 putre
1021 1894 1148 1960 domino
1170 1895 1267 1960 Petro
1292 1897 1355 1981 epi·

157 2018 258 2083 scopo
292 1997 537 2064 Noueeiuitetis.
582 1999 734 2065 Notarius
769 2022 866 2064 cause
901 2011 964 2065 est:
998 2002 1153 2087 magister
1186 1998 1356 2065 Erherdus

157 2101 416 2189 Pawmgurtner‚
443 2104 647 2169 decretorum
670 2103 791 2188 doctor,
814 2114 928 2170 testes:
951 2105 1153 2170 reverendus
1176 2114 1278 2191 peter,
1303 2104 1357 2170 do·

158 2209 266 2272 minus
289 2207 485 2274 Laurentius
507 2209 611 2274 abbas
634 2209 864 2293 Gottbioensis‚
886 2209 987 2274 frater
1009 2208 1178 2275 Erhurdus
1202 2209 1244 2275 de
1260 2211 1356 2295 Stire,

157 2314 257 2398 prior,
289 2312 493 2378 Cristofforus
522 2314 665 2379 Pdehler
699 2317 840 2399 armiger
871 2325 902 2379 et
931 2313 1071 2380 Iacobus
1100 2315 1284 2381 Maultasoh
1315 2315 1356 2380 de

157 2416 260 2500 stain,
282 2416 357 2482 laici
372 2418 574 2484 Putaviensis
597 2418 744 2503 diocesis,
767 2421 801 2484 in
825 2418 979 2484 cenaculo
1002 2422 1123 2485 maiore
1140 2419 1355 2501 Gottbioensi,

158 2521 248 2608 quod
270 2521 453 2607 vulgariter·
477 2523 594 2589 dieitur
616 2523 895 2610 bischoffsnymer.

205 2817 310 2886 1895.
923 2826 1005 2885 1477
1021 2829 1136 2900 August
1151 2830 1180 2895 2,
1197 2828 1313 2888 Kreas.

266 3009 408 3092 Bt'sohof
421 3010 629 3076 Αᾶεᾶαννᾶεν1
657 3032 718 3076 ooo
740 3011 833 3077 Foro?
862 3011 987 3078 betraut
1013 3015 1079 3096 auf
1099 3013 1152 3079 die
1172 3014 1282 3097 Ktaqe
1303 3016 1357 3080 des

159 3114 312 3197 Propstes
338 3114 394 3180 ἄεν
417 3115 558 3182 eunome
579 3115 763 3201 Τᾶεννιᾶεῃν
788 3136 884 3199 pepon
911 3117 971 3181 ἄεν
995 3115 1121 3199 Copton
1142 3117 1276 3183 Erdurd
1297 3119 1356 3183 To-

153 3218 235 3303 plur
265 3240 308 3284 on
337 3220 394 3284 ἄεν
415 3218 699 3302 Jotuauestwette
723 3222 760 3284 to
783 3220 913 3305 Gostnq,
936 3222 1011 3289 dues
1032 3243 1067 3286 εν
1089 3224 1149 3288 deo
1173 3222 1292 3289 Ζεᾶιενᾶ
1314 3245 1358 3288 ao

159 3325 213 3390 ute
233 3323 445 3407 Pforrkt'rote
466 3345 507 3389 zu
529 3322 750 3409 θναειεηεννᾶ,
774 3325 887 3391 welche
907 3328 1023 3391 eeioem
1038 3327 1147 3392 Toeto
1167 3329 1358 3410 zoqeotesen

159 3431 214 3509 ist,
241 3449 283 3493 su
306 3426 414 3494 ἄεᾶεᾶενι
436 3430 629 3513 verwetpere,
660 3430 720 3495 mtt
741 3429 797 3495 ἄεν
819 3428 1059 3514 Untersuotuoq
1080 3431 1137 3496 ἄεν
1158 3431 1268 3514 Klape
1289 3432 1359 3497 und

160 3534 217 3599 ἄεν
239 3531 384 3617 Γᾶἄᾶινρ
405 3532 461 3599 des
482 3532 644 3601 Uttheites.

267 3654 403 3739 Siepler:
425 3656 481 3722 ἄεν
503 3656 849 3724 Πνᾶἄνᾶενεᾶεειεᾶεν.

267 3778 391 3843 Datum
420 3781 453 3843 in
482 3778 577 3863 opido
608 3778 778 3866 Chremps‚
809 3778 1010 3844 Potaviensis
1042 3779 1198 3846 dioecesis
1233 3780 1358 3869 (1477),

163 3882 342 3950 indictione
377 3882 513 3970 decima,
548 3882 600 3949 die
633 3905 712 3948 vero
743 3883 888 3949 secunda
918 3886 1036 3950 mensis
1066 3887 1204 3971 augusti,
1235 3887 1358 3972 pontifi-

162 4000 254 4055 catus
278 3997 340 4053 ete.
386 3986 469 4054 Sixti
492 3997 552 4053 eto.
575 4010 661 4075 pape
684 3991 789 4075 quarti
811 4012 897 4055 anno
920 3990 1065 4056 eiusdem
1087 4000 1190 4056 sexto.

162 4250 245 4307 1894.
267 4262 281 4287 ⁸
300 4250 364 4303 con

269 4372 280 4405 ¹
298 4373 387 4425 Sohon
404 4388 448 4424 um
466 4373 541 4440 Tege
558 4373 656 4425 vorher
674 4373 736 4424 fuhr
753 4374 807 4424 Abt
824 4375 929 4426 Lorenn
946 4390 999 4426 von
1018 4374 1153 4439 Gottweig
1171 4373 1240 4424 nauh
1255 4375 1359 4439 Krems,

161 4462 194 4515 du
211 4463 271 4515 sich
290 4465 370 4512 untor
387 4460 439 4511 den
457 4460 631 4511 Reisekosten
651 4460 698 4511 des
710 4460 793 4512 Abtes
811 4477 872 4512 rom
891 4461 974 4512 Jahre
994 4460 1060 4510 1477
1079 4460 1126 4511 der
1144 4461 1243 4511 Posteri
1261 4460 1359 4510 findet:

163 4549 224 4601 Item
235 4550 313 4615 fer-ia
330 4546 442 4598 seeundo
457 4555 514 4613 poet
532 4546 618 4599 Iaoobt‘
635 4545 705 4612 (Juli
717 4547 762 4614 28)
781 4548 817 4598 ad
838 4549 931 4599 Kremo
947 4545 1011 4615 3ss.
1028 4550 1064 4597 12
1078 4549 1118 4611 hi.

164 4634 245 4691 1895.
267 4633 278 4666 ¹
298 4634 451 4686 Alexander
480 4634 588 4695 Nomai,
620 4636 688 4683 1470
714 4663 744 4671 -
769 4636 787 4697 †
817 4651 864 4685 vor
894 4636 998 4700 August
1031 4635 1095 4684 1485
1130 4631 1232 4702 (Gamo,
1263 4634 1359 4696 Series,

164 4723 189 4774 s.
207 4722 279 4789 sou).
