3916 5292
1338 378 1400 444 397

205 575 238 630 et
259 562 471 631 Bernhardus
499 577 642 632 moratur
664 569 697 632 in
719 566 987 654 Bemharezslag.
1033 569 1116 635 Istos
1138 570 1219 635 vidit
1244 572 1278 635 in
1307 570 1402 636 domo

204 672 304 755 patris
334 672 383 735 sui
413 672 567 736 confiteri.
613 671 694 737 Item
726 671 818 757 dixit,
849 672 953 738 dietus
984 673 1132 740 dominus
1161 674 1230 740 ibat
1260 674 1302 740 ad
1329 678 1401 740 visi·

204 774 340 839 tandum
370 774 568 840 Waleunum
603 786 635 840 et
669 776 729 841 hoe
764 779 796 841 in
830 788 933 844 noete.
986 778 1069 844 Item
1103 779 1195 863 dixit,
1230 778 1316 866 quod
1349 802 1403 866 pe·

204 878 300 963 pulus
322 878 397 945 ville
418 882 452 944 in
471 877 659 945 Bernharcz
682 881 898 947 conveniebat
920 882 963 947 ad
979 883 1187 968 Waleunum,
1212 885 1301 971 quod
1325 884 1402 950 dicit

206 1008 241 1050 se
271 986 392 1052 vidisse
424 996 456 1051 et
479 989 583 1051 eeiam
606 986 770 1053 audivisse
793 998 830 1078 et
847 993 1003 1076 precipue
1025 990 1109 1055 vidit
1129 990 1402 1057 Bernhardissam

206 1113 281 1155 eum
310 1089 438 1155 filiabus
468 1102 501 1156 et
530 1091 594 1157 filio
625 1114 683 1158 suo
704 1093 801 1159 Petro
832 1102 864 1159 et
890 1094 960 1159 aliis
984 1093 1109 1161 duobus
1132 1098 1209 1161 viris
1232 1099 1398 1162 intrantes.

205 1196 288 1261 Item
312 1195 403 1279 dixit,
427 1195 513 1281 quod
536 1195 581 1261 ad
605 1220 715 1262 omnes
738 1200 771 1263 in
794 1208 861 1263 tota
882 1199 959 1264 villa
981 1203 1042 1264 iret
1058 1200 1205 1265 dominus
1221 1200 1273 1265 ille
1290 1223 1400 1266 eorum

207 1307 367 1385 excepto·
391 1352 528 1366 .....
560 1300 701 1367 Oestlino
733 1311 764 1366 et
794 1311 932 1387 pastore.
979 1305 1061 1368 Item
1092 1304 1183 1389 dixit,
1215 1304 1301 1391 quod
1324 1318 1403 1391 aput

206 1404 427 1471 Walchunum
456 1408 540 1470 inter
571 1406 701 1471 domum
731 1417 764 1471 et
793 1407 955 1473 stabulum
987 1419 1036 1474 est
1065 1432 1148 1474 unus
1176 1412 1328 1475 transitus
1351 1433 1400 1475 oc·

207 1509 363 1593 [cultus]⁸
389 1561 523 1574 .....
557 1533 698 1595 camera,
730 1514 763 1575 in
794 1534 857 1597 qua
888 1512 993 1577 dietus
1026 1512 1173 1579 dominus
1204 1537 1241 1578 eo
1270 1537 1401 1580 manere

208 1616 385 1679 consuevit.
430 1614 511 1679 Item
547 1613 638 1698 dixit,
670 1613 757 1700 quod
787 1625 867 1701 aput
889 1616 979 1681 Leo·
1004 1669 1401 1684 .............

209 1771 378 1785 ......
403 1719 1400 1806 aputeoapotabaturGotfrb...............

253 1956 353 2026 2231.
923 1963 1007 2021 1359
1024 1965 1184 2022 ”esember-
1197 1965 1246 2031 12,
1264 1965 1360 2023 Wien.

313 2131 451 2214 Leopold
486 2132 542 2196 der
575 2131 842 2215 Sattsenqanyer,
882 2132 997 2198 Rector
1030 2132 1087 2196 der
1119 2132 1328 2213 Pfarrkirche
1364 2155 1405 2199 au

210 2238 258 2303 St.
282 2236 425 2319 Steptaa
453 2238 491 2300 ta
512 2234 613 2316 Wiea,
637 2236 756 2301 eruar
778 2239 813 2301 ta
836 2237 936 2302 eiam
959 2235 1129 2303 Schrader
1151 2258 1195 2302 aa
1218 2236 1321 2320 Papat
1343 2239 1403 2302 Ia-

209 2361 326 2406 aoceat
349 2340 406 2407 VI.
430 2343 515 2405 setae
543 2340 776 2424 Einwittt'ytmy
807 2362 866 2405 aar
896 2342 1094 2425 Erricdtuny
1124 2346 1209 2407 eines
1240 2342 1404 2425 artatae-

210 2444 408 2528 capitelam
430 2444 587 2511 aasettea
610 2445 739 2511 Kirrhe.

316 2549 414 2616 Untet
436 2550 498 2615 dett
521 2550 681 2632 Strytera:
705 2549 774 2616 Abt
794 2551 927 2617 Johann
950 2574 1014 2618 von
1037 2552 1209 2638 Gettweig.

316 2717 388 2783 Orig.
402 2718 439 2767 im
458 2718 737 2784 Domeapitelarehive
757 2735 790 2768 au
803 2718 892 2786 Wien,
911 2720 988 2785 Perg.
1026 2722 1041 2769 6
1060 2720 1157 2786 Siegel.

316 2831 431 2893 Quellen
450 2849 472 2883 a.
486 2832 579 2885 Geseh.
594 2832 687 2883 Wiens
708 2835 731 2895 1,
749 2832 796 2893 IV,
814 2833 831 2885 t
849 2848 888 2884 nr.
901 2835 970 2883 3518
983 2848 1050 2899 reg.;
1069 2834 1203 2899 Steyersr,
1220 2833 1285 2885 Add.
1299 2836 1359 2886 292.

258 3058 363 3126 2232.
945 3064 1362 3141 ramipatsuutttwug.

317 3233 383 3297 Att
404 3232 473 3297 aad
495 3232 632 3300 convent
654 3233 707 3298 des
729 3231 1058 3317 Beuxedt'rtt'nerstiftes
1079 3258 1117 3299 ze
1142 3234 1216 3300 dem
1239 3233 1408 3321 Chdtweig

214 3337 417 3419 verpfltthtea
443 3336 510 3403 sith
531 3357 591 3402 aas
613 3335 835 3402 Daaltbarkeit
855 3358 951 3421 ymen
973 3338 1099 3422 Hersoq
1121 3339 1253 3424 Rudotf,
1277 3342 1333 3406 der
1355 3340 1406 3404 ihr

215 3442 297 3525 Sttft
325 3464 385 3507 voa
414 3443 470 3508 der
498 3463 639 3527 gromen
669 3441 855 3528 unleidigen
881 3443 1064 3529 geltschuld
1088 3444 1223 3528 yeledt'qt
1244 3444 1310 3525 tat,
1334 3446 1408 3511 dass

215 3547 272 3612 der
293 3547 358 3613 Abt
382 3547 525 3631 jttrttat
554 3571 597 3613 an
627 3547 710 3612 sand
731 3547 913 3634 Johanstag
942 3571 980 3612 ze
1011 3547 1227 3614 stnnbenden
1257 3550 1294 3613 itt
1312 3551 1407 3633 geist-

216 3652 311 3718 litter
336 3654 466 3738 geezier
492 3652 551 3718 das
577 3652 716 3717 fronamt
742 3651 839 3735 (wohl
860 3652 1076 3739 Framamt)
1103 3655 1140 3717 ia
1167 3655 1236 3718 dem
1259 3652 1346 3719 Ultor
1367 3675 1408 3718 aa

215 3757 264 3823 St.
280 3756 423 3840 Stephan
446 3759 512 3839 auf
528 3757 598 3822 dem
617 3778 747 3840 yrossert
765 3757 880 3823 Attare
901 3761 1011 3841 stnyen
1034 3759 1103 3823 aad
1123 3761 1181 3842 fiir
1202 3759 1262 3823 den
1284 3758 1409 3841 Heraea

215 3862 264 3927 bei
287 3861 577 3928 tarataram
599 3882 652 3927 am
668 3860 849 3926 Varateacte
870 3883 931 3926 voa
947 3861 1179 3946 auersatam,
1203 3863 1285 3927 raet
1300 3863 1408 3928 mesen

214 3966 299 4033 fode
328 3968 405 4032 ater
426 3989 471 4032 wa
492 3968 609 4033 saitem
631 3965 812 4049 Sterbetaye
834 3968 925 4032 maen
947 3968 1063 4049 ewiqen
1086 3966 1228 4050 Jatttay
1250 3968 1294 4031 ἐπ’
1308 3967 1409 4033 strom

215 4070 351 4138 Klostrr
372 4072 503 4156 beastan
525 4071 607 4138 sotte.

322 4176 457 4260 Sieyler:
478 4176 547 4242 Abt
568 4176 636 4242 und
660 4176 817 4242 Convent.

321 4280 459 4348 Datum:
482 4305 520 4347 ze
543 4281 618 4347 dem
633 4280 801 4366 Chetweig
823 4304 864 4346 an
887 4281 1063 4367 phineztag
1085 4305 1140 4348 vor
1163 4282 1244 4348 sand
1264 4283 1409 4368 Philipps

217 4385 284 4452 und
306 4385 486 4473 Jacobstag
509 4387 568 4453 der
589 4386 741 4474 heyligen
765 4386 971 4452 zwelfboten.

322 4556 414 4622 Copia,
431 4556 492 4606 Lib.
506 4556 527 4617 l,
545 4555 610 4622 Cep.
628 4555 646 4605 f.
660 4557 693 4605 st
712 4557 748 4606 im
763 4555 874 4606 Wiener
891 4555 1178 4621 Demeapitslarchive.
1209 4556 1334 4606 Deutseh.

321 4667 435 4731 Quellsu
453 4685 476 4717 a.
495 4667 589 4719 Gesth.
603 4667 695 4719 wione
716 4669 738 4733 1,
757 4667 803 4732 IV,
823 4669 837 4718 7
857 4685 896 4720 nr.
910 4668 980 4718 3520
992 4682 1046 4734 reg.
