3406 5300
334 391 398 454 336

335 582 438 648 dictus
462 584 631 669 episcopus
650 583 852 648 Pataviensis
875 586 992 649 crisma
1015 593 1047 649 et
1069 584 1277 651 collacionem
1300 585 1447 651 ordinum
1470 586 1525 651 ab·

337 685 403 752 bati
436 695 470 752 et
500 687 667 752 monachis
697 686 775 753 dicti
802 691 988 753 monasterii
1018 688 1195 775 denegaret
1224 689 1392 775 exhibere,
1421 690 1476 755 illa
1505 715 1526 756 a

336 812 529 880 quocunque
562 791 694 857 mallent
727 791 883 857 catholico
914 794 1064 877 antistite,
1094 796 1239 880 recipere
1270 805 1400 881 possent
1430 799 1526 861 certis

335 896 476 984 desuper
506 896 733 962 executoribus
763 895 933 983 deputatis,
964 908 1060 983 prout
1088 899 1121 963 in
1143 900 1243 985 ipsius
1265 898 1390 965 Nicolai
1412 899 1526 986 prede·

335 1002 471 1067 cessoris
493 1000 604 1067 litteris
628 1000 767 1088 desuper
790 1001 943 1067 confectis
965 1001 1090 1088 plenius
1105 1005 1295 1069 continetur.
1320 1002 1403 1070 Ourn
1417 1013 1526 1071 autem

334 1109 419 1172 sicut
449 1105 594 1172 exhibita
623 1106 716 1172 nobis
745 1128 850 1193 nuper
879 1129 936 1192 pro
967 1117 1058 1193 parte
1086 1109 1242 1173 carissimi
1264 1111 1297 1173 in
1319 1108 1446 1176 Christo
1469 1109 1527 1175 filii

335 1213 433 1277 nostri
453 1209 667 1276 Maximiliani
683 1211 901 1277 Romanorum
931 1214 1016 1297 regis
1039 1211 1168 1277 illustris
1190 1214 1306 1298 peticio
1330 1213 1527 1299 continebat,

334 1315 438 1381 abbas
468 1325 501 1380 et
530 1325 707 1381 conventus
737 1315 853 1401 prefati
883 1339 925 1380 ex
953 1318 1077 1401 quernis
1104 1316 1258 1403 predictis
1281 1326 1314 1382 ct
1335 1316 1404 1383 aliis
1426 1320 1525 1383 variis

334 1419 571 1507 impedimentis
602 1423 812 1505 exempcionc
836 1430 868 1485 et
889 1419 1084 1486 liberacione
1108 1444 1147 1485 ac
1169 1420 1281 1487 litteris
1303 1422 1456 1508 predictis
1479 1424 1526 1487 uti

334 1546 399 1590 non
431 1533 604 1611 potueruut
638 1533 670 1590 ct
699 1524 741 1589 ab
771 1524 931 1612 aliquibus
961 1524 1118 1590 besitetur
1145 1535 1277 1612 propter
1305 1525 1431 1592 illarum
1460 1548 1526 1593 uon

334 1651 429 1696 usum
452 1628 583 1695 eosdem
606 1629 757 1695 abbatem
781 1639 813 1695 et
835 1640 1030 1695 conventum
1052 1629 1094 1695 ab
1116 1629 1178 1695 illis
1200 1629 1357 1696 cecidisse
1381 1640 1413 1697 et
1426 1630 1525 1697 dicta·

334 1757 407 1800 rum
436 1734 614 1800 litterarum
641 1734 759 1799 effectu
791 1756 904 1800 carere
933 1725 1053 1800 debere
1081 1757 1138 1821 pro
1161 1744 1254 1821 parte
1277 1734 1354 1802 dicti
1376 1736 1526 1801 Maximi·

335 1839 411 1904 liani
441 1840 526 1924 regis
556 1842 738 1923 asserentis,
769 1839 856 1926 quod
886 1841 956 1925 ipse
985 1842 1113 1905 racione
1144 1839 1371 1906 archiducatus
1394 1839 1526 1907 Austris

335 1943 451 2029 prefati
471 1945 656 2008 monasterii
678 1953 833 2029 patronus
856 1952 889 2008 et
910 1941 1088 2009 advocatus
1104 1946 1221 2027 existit,
1245 1944 1336 2010 nobis
1352 1945 1412 2011 fuit
1425 1944 1526 2010 humi-

334 2048 406 2113 liter
434 2047 658 2134 supplicatum,
688 2056 724 2112 ut
753 2050 996 2133 exempcionem
1027 2047 1254 2114 liberacionem
1285 2051 1526 2115 concessionem

336 2162 370 2217 et
398 2151 565 2217 decretum
595 2174 634 2217 ac
663 2151 786 2217 litteras
815 2151 978 2239 predictas
1009 2152 1189 2238 approbare
1216 2164 1249 2218 et
1271 2154 1462 2220 confirmare
1485 2176 1525 2220 ac

335 2256 414 2322 alias
444 2258 477 2320 in
506 2258 670 2341 premissis
694 2266 849 2344 oportune
871 2256 1043 2343 providere
1067 2256 1108 2322 de
1130 2256 1329 2344 benignitate
1352 2256 1527 2345 apostolica

240 2398 243 2411 ι
336 2361 553 2448 dignaremur,
581 2383 640 2427 nos
661 2363 768 2446 igitur,
791 2363 846 2449 qui
869 2370 1059 2426 cunctorum
1081 2361 1225 2427 fidelium
1247 2384 1362 2449 pacem
1386 2372 1418 2428 et
1439 2365 1526 2450 quie

334 2474 400 2530 tem
423 2465 646 2531 desideranter
668 2468 848 2552 appetimus
871 2464 1053 2531 huiusmodi
1075 2464 1367 2553 supplicacionibus
1382 2467 1528 2533 inclinati

335 2572 579 2657 exempcionem
600 2569 829 2635 liberacionem
851 2569 1079 2636 inbibicionem
1102 2573 1343 2636 concessionem
1358 2570 1527 2637 decretum

335 2696 374 2740 ac
404 2674 526 2740 litteras
548 2673 674 2740 Nicolai
704 2673 942 2760 predecessoris
970 2675 1152 2741 huiusmodi
1180 2686 1213 2740 et
1234 2678 1267 2740 in
1289 2675 1350 2741 illis
1374 2685 1526 2742 contenta

335 2801 538 2866 quecumque
560 2781 749 2846 auctoritate
769 2778 944 2865 apostolica
964 2790 1075 2846 tenore
1090 2783 1288 2866 presentium
1307 2780 1527 2867 approbamus

334 2892 367 2949 et
389 2884 616 2950 confirmamus
639 2906 679 2948 ac
701 2895 857 2970 perpetue
879 2884 1037 2950 firmitatis
1060 2884 1160 2949 robur
1178 2883 1324 2950 obtinere
1337 2883 1526 2972 litterasque

333 2990 420 3075 ipsas
442 2998 475 3054 et
496 2990 529 3055 in
551 2988 612 3054 illis
636 2998 786 3055 contenta
807 3010 1011 3076 quecumque
1026 2991 1218 3054 monasterio
1234 2988 1366 3075 capellis
1381 2980 1526 3075 grangiis

334 3092 445 3159 abbati
468 3103 501 3158 et
515 3096 687 3158 conventui
703 3115 742 3158 ac
758 3093 826 3158 aliis
843 3092 921 3157 dicti
935 3093 1118 3158 monasterii
1134 3094 1279 3178 personis
1294 3091 1447 3179 predictis
1462 3094 1526 3159 suf·

334 3198 455 3284 fragori
478 3219 604 3264 necnon
627 3206 818 3263 executores
840 3199 873 3262 in
898 3194 957 3261 illis
973 3196 1142 3283 deputatos
1158 3196 1201 3261 ad
1215 3196 1342 3262 illarum
1357 3201 1526 3263 execucio·

334 3325 410 3369 nem
439 3301 617 3389 procedere
648 3301 807 3389 dictisque
836 3299 947 3366 abbati
978 3311 1011 3365 et
1041 3303 1214 3366 conventui
1246 3310 1278 3366 et
1299 3303 1444 3388 personis
1467 3324 1526 3389 pro

334 3408 511 3474 litterarum
544 3406 721 3473 earundem
751 3405 965 3472 observancia
993 3409 1143 3472 assistere
1173 3427 1267 3491 posse
1295 3415 1327 3472 et
1349 3398 1470 3471 debere
1493 3410 1525 3472 in

335 3512 484 3579 omnibus
507 3523 539 3578 ct
560 3535 620 3599 per
641 3513 748 3579 omnia
770 3511 914 3598 provide,
938 3533 978 3576 ac
1000 3513 1027 3575 si
1043 3513 1271 3576 monasterium
1287 3510 1390 3576 abbas
1405 3520 1438 3576 et
1452 3533 1526 3576 con·

334 3627 451 3684 ventus
473 3616 589 3683 etalio
613 3639 749 3704 persone
771 3615 953 3682 huiusmodi
976 3618 1008 3681 in
1030 3618 1264 3702 possessionem
1281 3615 1333 3681 vel
1348 3617 1440 3702 quasi
1454 3638 1526 3702 pre·

334 3725 503 3788 missorum
534 3725 675 3787 omnium
703 3723 736 3786 in
755 3720 854 3786 'dictis
876 3720 989 3786 litteris
1012 3729 1234 3786 contentorum
1257 3722 1444 3805 existerent,
1468 3723 1525 3786 eis·

336 3827 409 3892 dem
433 3829 622 3892 auctoritate
645 3836 678 3891 et
697 3835 807 3892 tenore
823 3826 1027 3892 decernimus
1043 3835 1075 3891 et
1089 3847 1148 3912 pro
1163 3827 1260 3912 priori
1277 3824 1403 3890 cautela
1418 3828 1527 3891 omnia

335 3941 367 3998 et
397 3931 522 4019 singula
551 3933 584 3997 in
615 3931 737 3997 eisdem
766 3931 877 3997 litteris
907 3940 1058 3998 contenta
1087 3930 1198 3996 abbati
1228 3939 1260 3995 et
1287 3932 1458 3995 conventui
1486 3953 1527 3996 ac

335 4038 527 4102 monasterio
560 4045 591 4101 et
618 4039 763 4122 personis
786 4036 918 4122 prefatis
941 4058 999 4122 per
1022 4035 1143 4101 dictum
1166 4034 1430 4121 predecessorem
1454 4056 1527 4100 con·

335 4164 428 4208 cessa
458 4152 541 4225 suut,
574 4142 615 4206 de
644 4163 727 4207 novo
760 4141 966 4207 concedimus
997 4163 1122 4206 necnon
1153 4142 1367 4206 iuramentum
1398 4161 1459 4226 per
1482 4138 1528 4205 di·

334 4246 454 4313 lectum
484 4248 584 4312 lilium
611 4245 802 4312 modernum
830 4245 973 4312 eiusdem
996 4247 1180 4312 monasterii
1202 4243 1354 4310 abbatem
1377 4253 1433 4310 aut
1456 4246 1526 4311 eius

335 4351 583 4439 predecessores
613 4373 687 4416 suos
717 4360 750 4416 et
779 4372 1002 4417 successorum
1028 4372 1156 4415 suorum
1184 4347 1366 4416 nominibus
1389 4347 1431 4412 de
1453 4371 1525 4436 pre·

335 4455 449 4521 stando
483 4454 706 4521 obedienciam
737 4454 822 4520 dicto
850 4456 1000 4542 episcopo
1022 4454 1207 4520 Patavicnsi
1228 4453 1337 4519 forsan
1360 4454 1530 4540 prestitum

334 4561 397 4627 hac
421 4563 495 4626 rice
519 4561 689 4625 dumtaxat
711 4560 825 4625 borum
848 4562 930 4625 serie
953 4559 1138 4625 relaxamus
1161 4581 1224 4626 uon
1241 4558 1442 4624 obstantibus
1459 4579 1529 4643 pre·

334 4668 439 4732 missis
470 4687 509 4732 ac
541 4664 825 4731 constitucionibus
855 4673 887 4730 ct
917 4664 1176 4731 ordinacionibus
1199 4662 1379 4750 apostolicis
1402 4683 1529 4728 necnon
