3388 5302
1291 437 1354 503 163

158 624 294 689 effectus
317 645 375 709 per
399 633 540 689 nostram
563 623 816 711 appellacionem
839 625 1029 691 iamdudum
1049 629 1267 713 interpositam
1288 651 1352 694 sus·

157 749 277 813 pensus
304 737 361 809 est,
391 750 447 793 nos
469 730 635 814 requirere
659 739 691 794 et
713 739 870 817 quantum
891 752 950 817 per
973 752 1047 795 eum
1070 740 1143 816 stat,
1166 754 1224 797 nos
1248 743 1281 797 et
1303 755 1353 798 ec·

158 831 290 897 11111111
312 832 548 916 Pataviensem‚
580 835 649 898 eius
672 843 791 900 statum
814 843 847 899 et
869 834 1102 919 condicionem,
1126 834 1248 901 cultum
1272 836 1353 903 divi·

158 960 236 1003 num
251 946 285 1003 et
299 939 444 1023 regimen
460 937 615 1023 eiusdem,
637 937 783 1004 subditos
798 948 864 1004 tam
880 939 1062 1025 spirituales
1078 962 1176 1027 quam
1192 941 1353 1008 seculares

157 1043 320 1107 incorum
343 1043 553 1107 conscienciis
576 1042 768 1129 perturbare
791 1053 824 1109 et
845 1042 1055 1129 confundere,
1078 1047 1275 1110 vexaciones
1297 1048 1353 1111 ini·

159 1167 239 1233 quas
270 1156 303 1211 et
330 1156 442 1212 sancte
465 1145 535 1211 sedi
557 1147 740 1234 apostolice,
764 1148 875 1234 ymmo
898 1148 1071 1214 christiane
1094 1149 1241 1235 religioni
1264 1173 1353 1216 scan-

160 1249 287 1316 dalosas
319 1262 351 1317 et
379 1250 553 1317 adverssas
585 1254 711 1317 mittere
738 1253 770 1317 in
793 1254 900 1318 anime
923 1275 981 1318 sue
1003 1252 1193 1339 periculum,
1217 1254 1353 1320 ecclesie

158 1356 361 1421 Pataviensis
391 1364 424 1420 et
452 1357 555 1421 tocius
577 1357 714 1420 nationis
738 1355 933 1422 Germanice
956 1367 989 1423 et
1010 1358 1250 1444 privilegiorum
1274 1361 1353 1424 eius·

161 1458 236 1525 dem
261 1459 476 1546 preiudicium
504 1469 536 1525 et
562 1460 811 1546 derogacionem
834 1483 873 1525 ac
896 1471 1008 1527 sancte
1031 1464 1140 1528 matris
1164 1463 1299 1528 ecclesie
1323 1473 1355 1528 et

160 1564 238 1630 fidei
259 1564 400 1630 katolice
423 1563 697 1629 disturbationem
719 1586 783 1629 non
805 1557 1012 1631 mediocrem.
1048 1565 1235 1632 Sencientes
1257 1568 1354 1653 igitur

161 1692 219 1735 nos
242 1678 276 1735 et
298 1669 467 1734 ecclesiam
489 1678 632 1734 nostram
647 1669 874 1735 Pataviensem
896 1693 960 1735 non
983 1670 1187 1737 mediocriter
1201 1681 1354 1757 gravatos

162 1798 201 1841 ac
229 1778 263 1840 in
290 1783 454 1861 posterum
481 1776 583 1859 magis
605 1777 737 1858 gravari
757 1797 862 1861 posse,
885 1775 1006 1841 idcirco
1028 1785 1095 1841 tam
1117 1798 1176 1863 pro
1198 1777 1292 1842 nohis
1314 1799 1355 1843 ac

162 1880 301 1945 ecclesia
322 1888 431 1944 nostra
445 1878 640 1962 Pataviensi,
664 1900 761 1964 quam
784 1881 881 1944 etiam
905 1880 1052 1945 omnihus
1075 1879 1144 1944 aliis
1168 1890 1200 1945 et
1221 1880 1354 1966 singulis

162 1984 298 2051 subditis
328 1984 448 2051 ordinis
478 1993 534 2050 aut
563 1984 753 2050 conditionis
784 1987 926 2051 existant
955 1985 996 2050 ab
1020 1984 1203 2051 huiusmodi
1225 1995 1261 2051 ut
1283 2009 1354 2073 pre-

161 2093 296 2156 mittitur
318 2089 434 2176 prefati
457 2088 577 2155 domini
599 2088 772 2154 cardinalis
795 2097 828 2155 et
848 2091 964 2177 iniquis
986 2091 1110 2155 iniustis
1133 2089 1301 2156 conatibus
1324 2101 1356 2155 et

161 2193 406 2282 gravaminibus
435 2196 499 2258 iam
528 2193 633 2278 illatis,
664 2216 761 2281 quam
789 2196 988 2280 inposterum
1011 2194 1121 2259 forsan
1143 2217 1203 2281 per
1224 2196 1354 2282 requisi·

162 2302 287 2366 cionem
320 2298 504 2365 huiusmodi
535 2308 759 2385 pretensarum
792 2298 953 2365 bullarum
983 2298 1146 2386 penalium
1177 2298 1270 2365 nobis
1300 2310 1356 2365 aut

161 2404 221 2470 illis
244 2403 486 2492 quomodolibet
506 2403 682 2469 inferendis
706 2404 748 2469 ad
768 2406 1004 2469 sanctissimum
1020 2402 1185 2469 dominum
1200 2414 1355 2488 nostrum,

162 2510 328 2576 dominum
350 2509 489 2593 Sixtum‚
521 2508 630 2573 divina
652 2508 863 2594 providencia
890 2530 1008 2594 papam
1036 2518 1198 2595 quartum,
1221 2510 1354 2594 eiusque

162 2625 307 2682 sanctam
338 2614 450 2679 sedem
480 2613 686 2699 apostolicam
717 2622 883 2700 tamquam
913 2612 997 2678 male
1027 2613 1235 2678 informatum
1262 2622 1295 2676 et
1321 2614 1355 2678 in

161 2720 246 2786 facto
277 2741 414 2803 errasse,
440 2717 555 2783 melius
578 2726 611 2782 et
634 2717 675 2781 de
697 2720 833 2783 veritate
855 2718 933 2782 facti
955 2716 1193 2783 informandum
1216 2716 1355 2803 appella·

161 2847 232 2889 mus
255 2844 469 2911 provocamus
493 2831 525 2887 et
539 2821 758 2908 supplicamus
774 2822 1077 2909 appellacionesque
1092 2824 1196 2908 primo
1212 2821 1355 2886 secundo

162 2932 255 2995 tertio
278 2930 435 2994 instanter
456 2929 631 2993 instancius
654 2936 687 2991 et
707 2928 945 3011 instantissime,
969 2928 996 2991 si
1018 2929 1089 3013 quis
1112 2928 1162 3012 sit,
1187 2928 1241 3013 qui
1263 2926 1356 2991 nobis

163 3033 231 3099 illos
259 3034 338 3099 dare
367 3035 477 3120 possit,
507 3031 621 3098 saltem
651 3055 671 3096 a
701 3032 794 3097 vohis
816 3033 947 3097 notariis
970 3030 1106 3117 publicis
1128 3030 1249 3096 litteras
1272 3032 1356 3096 testi·

162 3138 317 3205 moniales
347 3137 440 3202 nobis
471 3137 541 3203 dari
570 3137 708 3223 petimus
732 3135 955 3201 submittentes
978 3157 1046 3217 nos,
1071 3134 1242 3200 ecclesiam
1264 3135 1355 3201 Pata·

163 3246 318 3326 viensem,
342 3241 486 3308 subditos
509 3250 542 3306 et
563 3240 763 3325 diocesanos,
787 3262 850 3326 quo
874 3262 972 3326 supra
995 3262 1034 3304 ac
1053 3238 1146 3304 nobis
1161 3239 1356 3304 adherentes

164 3370 222 3413 seu
248 3346 407 3413 adherere
429 3346 583 3429 volentes,
606 3346 731 3410 tuitioni
753 3355 786 3409 et
806 3346 997 3430 protectioni
1020 3345 1213 3409 sanctissimi
1236 3342 1356 3407 domini

163 3454 264 3518 nostri
293 3474 378 3539 pape
408 3474 448 3515 ac
479 3459 590 3515 sancte
620 3448 706 3515 sedis
736 3449 910 3536 apostolice
936 3450 1121 3535 prescriptis
1143 3456 1356 3535 protestantes

165 3559 207 3624 dc
237 3559 462 3645 persecutione
492 3554 675 3621 huiusmodi
703 3554 931 3641 appellacionis
963 3564 1081 3638 nostre,
1113 3552 1272 3639 quomodo
1301 3552 1358 3617 ubi

165 3674 198 3731 et
227 3662 358 3751 quando
387 3661 568 3727 secundum
594 3662 672 3725 iuris
695 3659 942 3746 disposicionem
965 3660 1184 3725 necessarium
1206 3658 1304 3722 fuerit
1325 3665 1357 3721 et

166 3778 357 3856 oportunum
380 3777 452 3850 etc,
476 3765 565 3831 salvo
588 3767 658 3830 iure
673 3763 816 3829 addendi
833 3763 1016 3851 corrigendi
1030 3761 1197 3828 minuendi
1211 3760 1357 3826 mutandi

167 3897 205 3940 ac
235 3873 332 3939 aliam
362 3881 395 3938 et
423 3870 503 3936 alias
533 3868 770 3956 appellaciones
800 3867 1026 3955 interponendi
1048 3877 1120 3951 etc,
1143 3875 1239 3953 prout
1260 3866 1357 3930 moris

168 3989 216 4044 est
244 3989 343 4064 atque
374 3975 446 4041 stili.
492 3973 597 4060 Super
627 3972 744 4060 quibus
772 3971 921 4037 omnibus
944 3981 977 4037 et
998 3971 1130 4056 singulis
1153 3969 1357 4056 supradictus

168 4083 315 4149 dominus
337 4081 529 4147 Valentinus
561 4079 704 4144 decanus
734 4100 792 4164 pro
823 4099 859 4141 se
886 4100 926 4142 ac
953 4079 1081 4141 nomine
1104 4075 1240 4163 predicti
1262 4098 1357 4141 vene-

167 4186 276 4253 rabilis
307 4183 439 4271 capituli
469 4184 530 4249 sibi
553 4206 572 4248 a
594 4181 687 4248 nobis
709 4183 840 4247 notariis
864 4180 1002 4267 publicis
1024 4181 1234 4266 infrascriptis
1257 4202 1357 4245 unum

168 4292 219 4357 vel
248 4289 343 4377 plura
372 4287 538 4377 publicum
568 4308 626 4353 seu
655 4286 788 4372 publica
817 4287 888 4351 fieri
919 4295 952 4351 et
981 4286 1097 4351 confici
1126 4286 1224 4372 peciit
1243 4285 1359 4349 instru·

168 4406 312 4461 mentum
335 4403 368 4459 et
389 4397 610 4459 instrumenta.
645 4390 730 4456 Acta
753 4399 827 4455 sunt
849 4390 911 4455 hec
933 4392 967 4455 in
989 4389 1084 4455 stuba
1107 4388 1274 4475 capitulari
1297 4388 1358 4452 sub

169 4522 251 4566 anno
284 4498 459 4564 indictione
489 4496 542 4562 die
575 4517 686 4561 mense
719 4493 798 4559 hora
832 4502 864 4559 et
897 4494 1084 4581 pontificatu
1114 4492 1231 4579 quibus
1261 4514 1359 4578 supra

168 4602 371 4690 presentibus
392 4601 515 4667 ibidem
537 4598 714 4666 venerabili
735 4621 775 4664 ac
797 4597 1038 4666 honorabilibus
1057 4607 1090 4663 et
1108 4596 1252 4685 providis
1270 4598 1358 4679 viris,

170 4707 319 4774 dominis:
346 4706 491 4772 Iohanne
506 4703 688 4788 Khmmost,
713 4705 879 4789 utriusque
901 4704 979 4768 iuris
994 4702 1173 4787 licenciato,
1197 4701 1284 4766 curie
1299 4698 1358 4764 Pa·

1155 4808 1204 4855 11·
