3406 5300
334 400 398 479 sio

329 607 473 692 profecto
503 606 662 671 maculam
691 600 945 692 irregularitatis,
968 620 1052 691 quae
1075 600 1182 691 privat
1210 626 1407 691 quemquam
1431 596 1524 670 benc

333 711 423 775 liciis.
469 711 665 795 significatis
697 713 887 797 quantocius
917 721 949 775 et
978 711 1095 775 faciam
1126 711 1351 796 paternitatem
1374 734 1404 774 v.
1429 732 1452 774 r.
1477 733 1524 774 re·

333 817 419 881 stitui
453 828 486 880 et
515 815 722 881 rehabilituri.
769 815 910 881 Venient
940 814 1122 880 huiusmodi
1151 814 1275 879 litterae
1311 814 1355 879 ad
1384 816 1524 900 quinquo

333 918 467 985 ducatos
483 929 543 986 etc.
568 919 722 985 Facultas
745 919 879 986 creandi
900 920 1040 985 notarios
1063 918 1151 1005 apud
1175 941 1232 984 vos
1254 918 1365 984 leviori
1388 921 1525 1004 pecunia

333 1023 446 1089 haberi
469 1026 586 1110 poterit
607 1046 705 1111 quam
727 1023 790 1108 hic,
815 1027 890 1111 quia
914 1024 1070 1109 religiosis
1091 1046 1155 1089 non
1171 1023 1307 1088 libenter
1322 1023 1426 1107 datur,
1450 1045 1524 1087 cum

331 1129 374 1193 ab
402 1127 583 1193 huiusmodi
607 1128 733 1194 actibus
755 1128 892 1216 publicis
915 1152 950 1193 se
973 1129 1135 1193 abstinere
1159 1127 1307 1194 debeant.
1353 1126 1524 1212 Indulgen-

333 1236 399 1298 cias
422 1232 464 1297 ad
487 1232 646 1319 capellam
668 1232 912 1299 instaurandam
936 1235 968 1297 in
983 1232 1190 1297 Pruoendorf
1200 1235 1398 1319 presentium
1412 1232 1524 1313 latore,

333 1340 358 1403 si
388 1340 564 1424 paternitas
594 1362 624 1403 v.
649 1362 673 1404 r.
698 1338 918 1422 specificasset
946 1337 1057 1403 litteris
1089 1348 1259 1423 patronum
1287 1337 1419 1424 capelle,
1447 1340 1524 1402 item

331 1442 415 1507 festa
437 1443 515 1526 1111,
546 1445 578 1507 in
609 1442 726 1528 quibus
753 1442 957 1528 indulgencie
981 1441 1163 1508 huiusmodi
1186 1442 1257 1528 plus
1279 1443 1432 1528 prodesse
1454 1464 1524 1529 pos-

332 1556 407 1612 sunt
436 1548 562 1634 populo‚
594 1549 670 1613 item
697 1557 865 1630 oratorem,
894 1546 937 1612 ad
959 1549 1050 1612 cuius
1073 1549 1263 1612 instanciam
1286 1550 1449 1633 impetrari
1471 1547 1524 1612 de-

332 1652 419 1717 bent.
464 1651 504 1716 In
535 1650 625 1717 calce
654 1651 831 1717 litterarum
861 1654 1062 1738 paternitatis
1093 1675 1123 1716 v.
1147 1675 1172 1716 r.
1203 1654 1318 1737 reperi,
1353 1652 1439 1739 quod
1472 1674 1523 1717 me

333 1755 461 1841 publice
495 1766 738 1842 procuratorem
771 1765 804 1820 et
836 1755 1008 1842 syndicum
1037 1766 1144 1820 vestre
1175 1779 1201 1821 r.
1224 1778 1256 1842 p.
1281 1765 1313 1820 at
1341 1760 1523 1822 monasterii

332 1882 397 1925 non
431 1860 639 1946 appellarem,
673 1883 748 1946 ymo
778 1858 908 1947 publice
938 1860 1010 1926 talla
1040 1863 1148 1925 vocari
1178 1883 1243 1925 non
1273 1861 1379 1926 velim.
1425 1861 1524 1927 Salva

333 1986 364 2050 p.
386 1988 417 2030 v.
441 1968 632 2030 reverencia
653 1964 735 2029 tales
758 1967 804 2029 sie
826 1964 994 2051 loquentes
1018 1966 1143 2029 veritati
1166 1976 1312 2049 parcunt,
1337 1987 1409 2030 eum
1432 1969 1523 2030 notis-

332 2071 449 2134 simum
484 2071 525 2134 sit
556 2073 588 2134 in
623 2068 805 2135 civitatibus
836 2069 1107 2154 Saltzeburgensi,
1137 2068 1323 2134 Pataviensi
1351 2080 1384 2135 et
1413 2094 1523 2137 aarum

333 2173 483 2255 dioecesi,
514 2173 556 2239 ad
580 2196 660 2260 quas
684 2176 811 2259 saepius
835 2172 1040 2239 defendendo
1063 2184 1095 2238 et
1116 2173 1319 2239 iustificando
1342 2185 1448 2260 partes
1473 2198 1524 2240 ve·

332 2288 397 2344 stre
420 2302 445 2344 r.
462 2301 494 2365 p.
511 2281 635 2364 scripsi,
658 2301 710 2343 me
733 2289 975 2364 procuratorem
996 2288 1104 2344 vestre
1126 2301 1152 2343 r.
1169 2300 1199 2364 p.
1221 2282 1324 2344 eciam
1340 2288 1371 2343 et
1386 2283 1419 2344 in
1434 2279 1523 2346 Urbe

333 2385 457 2448 cunctis
480 2394 613 2448 constat
638 2384 710 2449 Ilec
732 2386 912 2468 raptissIme
936 2385 1068 2448 summis
1092 2381 1251 2448 caloribus
1274 2386 1397 2469 scripsi.
1422 2385 1522 2449 Rome

333 2486 385 2552 die
408 2487 493 2552 XIII
515 2488 581 2552 iulii
604 2510 690 2552 anno
712 2497 774 2552 etc.
798 2486 850 2551 99.

436 2592 565 2657 Eximie
598 2616 622 2658 r.
654 2615 684 2678 p.
713 2615 743 2656 v.
768 2591 985 2657 deditissimus
1008 2594 1178 2657 inservitor
1200 2592 1362 2677 Rupertus
1384 2591 1524 2679 Spiegel‚

333 2708 531 2781 procurator.

376 2939 481 3007 2209.
1255 2948 1338 3004 troo
1352 2948 1413 3005 suu
1426 2948 1478 3005 26.

435 3134 543 3217 mono
565 3132 777 3198 Maximillae
792 3131 856 3217 [1.]
878 3132 1000 3216 sepult
1021 3133 1087 3198 Aoo
1108 3132 1273 3218 [Matlu'os
1287 3133 1336 3219 1.]
1357 3154 1430 3199 aum
1444 3134 1521 3200 Got-

331 3239 410 3321 wcip
439 3240 505 3320 cof
527 3238 580 3302 die
609 3237 718 3319 Klope
748 3238 801 3302 deo
830 3235 1022 3320 Wolfponup
1055 3236 1259 3322 Leyseontra't
1287 3238 1338 3303 ula
1366 3238 1523 3304 Vertreter

330 3343 434 3407 aanor
455 3342 551 3406 Fron
571 3342 764 3418 Kadmos,
790 3341 864 3407 dass
886 3342 941 3406 der
956 3341 1021 3407 Aba
1042 3342 1109 3406 sich
1131 3344 1268 3424 coemere,
1291 3342 1358 3407 um
1378 3344 1431 3407 die
1451 3343 1521 3408 dom

330 3446 546 3511 nonnosum
568 3444 686 3510 Honos
712 3444 844 3526 Posspir
873 3445 944 3511 tout
973 3446 1181 3529 Soholdbro'es
1204 3447 1386 3530 aohuldipcu
1415 3450 1459 3513 50
1481 3448 1520 3513 o.

333 3551 401 3630 δβ.
426 3554 469 3614 19
484 3557 538 3629 tn,
561 3549 673 3614 welch
694 3547 811 3613 abluo
832 3571 876 3614 oa
898 3551 982 3614 seina
997 3551 1091 3615 stou
1110 3550 1248 3633 pefolleu
1269 3550 1353 3631 aad,
1376 3552 1443 3633 auf
1454 3552 1522 3616 seio

328 3653 481 3736 pollicitos
504 3652 671 3718 Schreiben
693 3675 734 3719 ou
757 3652 912 3733 basaltes,
935 3654 1088 3720 uosmet
1110 3676 1151 3719 au
1174 3655 1353 3738 boyloicloeo.

435 3773 574 3841 Datum:
605 3775 721 3841 Geben
752 3798 804 3839 am
834 3775 963 3862 freytag
991 3776 1075 3840 nach
1104 3776 1208 3842 sannd
1230 3776 1351 3842 Jacobs
1374 3776 1431 3842 des
1455 3777 1519 3842 hei·

330 3880 416 3965 ligeri
440 3880 634 3946 zwelfboten
657 3890 713 3966 tag
736 3877 859 3966 (1499),
892 3903 1026 3946 unscrer
1048 3880 1155 3946 reiche
1179 3879 1236 3947 des
1259 3881 1453 3947 Rdmischen
1477 3884 1520 3947 im

331 3984 592 4050 vierzshsnndsn
615 3983 682 4050 und
706 3983 763 4049 des
786 3984 1014 4070 Hungrischen
1038 3986 1081 4051 im
1105 3985 1294 4051 zehennden
1312 3988 1417 4074 jaren.

433 4177 516 4243 orig..
534 4177 599 4243 Pap.
630 4176 756 4228 Dsutaclu
793 4176 883 4244 Stegel
901 4193 956 4229 war
973 4179 1023 4229 aut
1038 4178 1085 4227 der
1103 4178 1247 4231 Rttclrsaits
1269 4195 1329 4231 num
1348 4179 1520 4231 Verschlussa

330 4264 359 4314 iu
377 4264 479 4314 rothem
491 4262 607 4316 Wachse
625 4264 808 4330 autgadrttclrt

434 4403 670 4455 Kanzlcivernrcrk
695 4420 745 4453 von
768 4403 882 4455 anderen
904 4404 938 4454 Η.
957 4420 982 4455 n.
1001 4404 1092 4457 Ttnta:
1124 4406 1270 4458 emnmsno
1291 4406 1388 4457 domim
1409 4409 1475 4473 repis
1491 4409 1520 4458 in

329 4490 439 4540 cornilio.
