3378 5306
442 632 482 697 In
511 632 639 699 nominc
671 629 788 697 domini
819 629 908 715 Iesu3
940 653 1044 698 amen.
1090 630 1156 697 Nos
1189 629 1383 697 Laurentius
1411 629 1530 696 Gotvvi·

340 737 446 801 censis
483 746 515 801 et
549 736 688 802 Mathias
723 736 890 802 Scotorum
921 736 1072 824 Wyenne
1111 738 1375 801 monasteriorum
1409 734 1529 800 ordinis

341 842 443 905 sancti
465 840 633 906 Benedicti
656 841 802 925 abbates,
825 841 965 906 Thomas
990 841 1098 907 Sancti
1121 840 1263 926 Yppoliti
1286 850 1318 904 et
1340 838 1530 904 Leonardus

341 945 374 1009 in
402 945 598 1032 Tyrenstain
628 948 894 1011 monasteriorum
925 945 1044 1011 ordinis
1076 948 1178 1010 sancti
1200 945 1374 1030 Augustini
1405 947 1530 1009 canoni-

342 1070 452 1114 corum
483 1050 679 1136 regularium
704 1050 818 1115 decani
840 1051 1042 1115 Pataviensis
1065 1050 1201 1114 diocesis
1224 1072 1282 1135 per
1304 1048 1530 1114 reverendissi-

342 1176 428 1219 mum
459 1156 492 1219 in
517 1154 643 1220 Christo
673 1163 798 1241 patrem
826 1178 865 1218 ac
888 1154 1062 1237 dominum,
1087 1153 1249 1219 dominum
1266 1152 1455 1219 Vdalricum
1479 1153 1532 1217 dei

341 1261 452 1343 gracia
474 1261 660 1345 episcopum
683 1260 911 1324 Patavienscm
933 1261 1110 1323 visitatores
1133 1260 1317 1323 monasterii
1341 1258 1451 1323 Sancti
1466 1257 1531 1321 An·

342 1362 421 1427 dree
444 1364 488 1427 cis
504 1363 685 1428 Traismam
708 1365 933 1427 canonicorum
956 1362 1153 1449 regularium
1169 1362 1289 1427 ordinis
1305 1365 1407 1426 sancti
1423 1361 1532 1446 Augu·

343 1469 416 1531 stini
444 1469 507 1532 iam
536 1467 612 1532 dicti
635 1467 818 1554 specialiter
841 1466 994 1554 deputati,
1018 1478 1112 1553 prout
1134 1469 1164 1531 in
1188 1465 1299 1531 litteris
1323 1468 1421 1552 ipsius
1444 1488 1532 1531 reve-

343 1570 525 1636 rendissimi
540 1574 640 1657 patris
657 1571 777 1637 domini
793 1574 935 1658 episcopi
949 1571 1066 1658 prefati
1082 1571 1223 1656 desuper
1237 1570 1391 1635 confectis
1407 1570 1533 1656 plenius

344 1677 534 1759 continetur,
565 1678 722 1741 universis
753 1685 785 1740 et
811 1675 955 1761 singulis,
980 1698 1115 1762 quorum
1138 1677 1270 1740 interest
1292 1697 1357 1740 sev
1379 1677 1533 1739 interesse

344 1782 459 1865 poterit
481 1780 720 1866 quomodolibet
740 1783 773 1845 in
795 1780 948 1863 futurum,
972 1779 1107 1844 salutem
1131 1789 1163 1844 et
1183 1781 1389 1871 sinceramin
1407 1778 1533 1844 domino

344 1886 519 1948 caritatem.
551 1883 606 1950 Ad
628 1886 857 1950 monasterium
876 1884 1004 1969 gloriosi
1024 1885 1178 1969 principis
1195 1886 1297 1948 sancti
1312 1883 1445 1948 Andree
1460 1906 1533 1969 apo·

345 1987 427 2071 stoli,
452 1987 572 2052 ordinis
596 1992 699 2053 sancti
713 1987 887 2073 Augustini
910 1998 942 2053 et
957 1988 1093 2053 diocesis
1108 1988 1315 2074 prefatorum,
1340 1990 1534 2053 visitacionis

344 2094 455 2177 gracia
486 2092 695 2179 personaliter
722 2096 890 2158 venientes
912 2095 1092 2158 invenimus
1114 2093 1188 2157 hev
1210 2094 1439 2157 monasterium
1463 2114 1535 2179 pre-

344 2196 464 2261 dictum
494 2199 526 2261 in
556 2197 773 2284 spiritualibus
804 2208 836 2263 et
867 2198 1096 2284 temporalibus
1126 2199 1159 2262 in
1189 2199 1294 2283 capite
1325 2207 1357 2262 et
1378 2199 1411 2260 in
1436 2219 1534 2261 mem-

345 2301 412 2366 bris
445 2301 620 2388 oollapsum
652 2304 774 2389 pariter
801 2312 833 2367 et
855 2301 1044 2367 destitutum
1067 2311 1098 2366 et
1121 2323 1181 2387 ope
1204 2302 1443 2366 relormacionis
1465 2323 1535 2386 per-

345 2408 488 2471 maxime
519 2405 696 2491 indigere.¹
739 2407 825 2472 Nam
857 2416 1049 2472 conventum
1072 2409 1106 2471 in
1129 2428 1164 2471 se
1187 2406 1325 2471 divisum
1348 2407 1536 2492 reperimus,

347 2510 505 2596 quosdam
536 2522 644 2597 partes
674 2513 706 2575 in
737 2514 805 2597 ipso
837 2521 997 2576 conventu
1028 2512 1182 2576 facientes
1212 2519 1244 2575 et
1273 2510 1315 2574 ab
1349 2509 1537 2575 obediencia

346 2615 461 2700 prelati
493 2614 696 2699 dissidentes,
726 2615 879 2701 plurimos
904 2615 1049 2680 redditus
1072 2625 1105 2680 et
1127 2636 1243 2679 census
1267 2616 1482 2701 percipientes
1506 2622 1538 2678 et

347 2719 580 2805 expendentes,
608 2720 923 2784 administracionem
946 2719 988 2783 ad
1013 2718 1073 2783 hoc
1096 2719 1138 2784 ab
1161 2721 1229 2804 ipso
1252 2719 1374 2805 prelato
1397 2741 1460 2783 non
1483 2718 1537 2782 ha·

268 2856 272 2865 ·
347 2823 460 2888 bentes
491 2833 523 2888 et
553 2845 614 2888 nec
644 2826 807 2889 racionem
831 2824 872 2888 de
895 2824 955 2889 hiis
978 2822 1100 2909 prelato
1123 2846 1184 2888 nec
1206 2825 1276 2909 ipse
1298 2823 1441 2909 prelatus
1465 2844 1537 2887 con-

347 2930 458 2993 ventui
481 2928 645 3012 facientes,
669 2928 836 2994 nonnullos
861 2931 963 2993 eciam
985 2930 1156 3014 pecuniam
1179 2939 1234 2994 aut
1260 2929 1323 2994 alia
1348 2927 1538 2993 munuscula

347 3034 544 3118 accipientes
567 3042 599 3097 et
622 3034 709 3097 circa
731 3032 893 3098 seculares
915 3055 1069 3119 personas
1093 3032 1300 3118 deponentes,
1324 3032 1411 3098 unde
1427 3043 1458 3097 et
1474 3055 1537 3097 mo·

347 3140 524 3201 nasterium
552 3139 750 3221 gravissimis
773 3136 889 3201 debitis
913 3139 1018 3202 extitit
1041 3136 1228 3222 obligatum,
1252 3137 1421 3223 plerosque
1444 3160 1463 3200 a
1484 3158 1537 3222 po·
1576 3202 1579 3207 ,

349 3240 486 3305 cioribus
508 3243 636 3326 punctis
658 3239 770 3327 regule
793 3250 984 3307 statutorum
1007 3252 1039 3306 et
1061 3252 1221 3306 cartarum
1244 3241 1460 3327 multipliciter
1484 3241 1537 3305 de·

349 3346 483 3427 viantes,
506 3354 639 3430 propter
662 3366 724 3431 que
748 3347 839 3430 penis
861 3344 1064 3431 gravioribus
1086 3346 1215 3410 buerant
1230 3347 1340 3409 merito
1356 3343 1537 3429 subigendi,

349 3447 408 3512 sed
432 3448 597 3514 dulcorem
619 3449 838 3514 misericordie
861 3450 1059 3535 preferentes
1082 3449 1200 3514 iudicio
1224 3449 1457 3515 emendacionis
1474 3451 1538 3514 vite

348 3553 606 3638 promittentibus
629 3576 731 3639 penas
754 3564 786 3619 et
809 3557 1029 3619 correcciones
1052 3554 1175 3640 prelato
1199 3564 1231 3619 et
1253 3554 1405 3619 fratribus
1429 3576 1539 3640 supra·

299 3738 300 3741 Ἴ
350 3657 443 3722 dictis
476 3679 534 3744 pro
568 3680 678 3723 eorum
709 3658 898 3723 excessibus
925 3658 1117 3745 infligendas
1140 3658 1387 3723 misericorditer
1409 3680 1539 3743 suspen-

350 3760 455 3825 dimus
484 3772 629 3848 tempore
659 3784 717 3848 pro
747 3765 888 3849 presenti
919 3785 984 3827 una
1014 3786 1087 3827 cum
1119 3763 1322 3827 conclusione
1346 3764 1539 3827 visitacionis

349 3864 437 3930 finali
470 3888 572 3952 usque
605 3879 677 3953 post
711 3871 895 3953 proximum
929 3871 1051 3932 instans
1086 3867 1201 3932 festum
1235 3890 1333 3953 pasce
1367 3869 1539 3949 reversuri,

349 3979 457 4034 actum
487 3973 587 4056 ipsius
618 3974 812 4037 visitacionis
843 3982 920 4037 tunc
951 3971 1147 4057 completuri.
1192 3972 1243 4038 Ne
1271 3983 1378 4037 autem
1401 3972 1540 4058 religiosi

350 4075 465 4160 prefati
487 4076 696 4142 revolvantur
718 4077 892 4163 irreligiose
916 4079 1171 4142 conversacionis
1193 4079 1226 4141 in
1249 4077 1402 4161 abissum,
1434 4085 1540 4141 aucto-

350 4181 443 4243 ritate
474 4179 634 4245 ordinaria
665 4181 757 4247 nobis
781 4184 950 4246 commissa
974 4180 1116 4246 districte
1138 4183 1172 4246 in
1194 4184 1312 4246 virtme
1335 4190 1443 4246 sancte
1467 4180 1540 4246 obe-

351 4282 476 4348 diencie
500 4287 703 4372 precepimus
726 4296 758 4350 et
779 4285 972 4350 mandamus
994 4288 1107 4372 primo,
1130 4295 1166 4351 ut
1188 4285 1348 4351 discordia
1371 4295 1403 4351 et
1418 4295 1540 4352 contro-

352 4390 457 4452 versia
488 4391 571 4454 inter
603 4390 770 4455 nonnullos
804 4393 837 4455 in
870 4389 932 4454 hoc
966 4394 1158 4456 monasterio
1190 4400 1304 4456 exorta
1333 4390 1471 4456 totaliter
1501 4393 1541 4456 sit

352 4494 494 4557 extincta
516 4496 637 4579 pariter
660 4503 692 4558 et
714 4497 818 4581 sopita
840 4494 1010 4581 nullusque
1033 4495 1125 4561 alteri
1148 4495 1325 4582 quidquam
1347 4498 1543 4582 improperet

351 4716 431 4773 1737.
452 4729 466 4752 ⁸
484 4719 554 4770 Statt
571 4719 695 4786 tradiqma.
