3916 5292
539 407 604 471 416

584 598 688 667 2267.
1236 598 1317 658 llo?
1334 601 1403 657 sun
1417 600 1467 666 19,
1484 600 1688 657 lienlbeusn.

645 792 754 874 Ko'nip
768 790 982 856 Maximillae
997 789 1062 874 [1.]
1082 790 1264 871 beantirnpt
1278 789 1339 853 den
1354 788 1493 853 obersten
1508 786 1731 868 Hauptmonn,

541 898 593 963 die
614 896 805 961 Siattuolser
825 895 894 959 uod
912 895 1071 977 Repenten
1093 895 1196 959 seinos
1218 890 1580 958 niderosnrreiohischn
1603 888 1732 971 hunde,

542 1002 601 1067 den
624 1000 764 1082 Bnelof
786 1021 847 1064 oon
869 999 1002 1065 Possow
1032 997 1256 1084 eotspreohend
1286 998 1355 1063 m
1384 1017 1445 1062 oon
1471 997 1538 1061 ilem
1559 1017 1604 1059 on
1626 995 1734 1059 dessen

542 1105 645 1171 Riithe
666 1105 780 1170 solent
802 1126 844 1169 eu
859 1103 1041 1185 Iuspruplelt
1062 1103 1099 1167 in
1121 1104 1177 1167 der
1191 1101 1383 1167 Streitsoolne
1404 1100 1561 1166 desselben
1583 1102 1641 1164 mit
1663 1100 1734 1164 dein

541 1210 623 1276 Abte
651 1230 725 1274 eum
755 1207 895 1291 Gotweip
924 1207 1102 1273 erhossenen
1129 1206 1302 1271 Absoloiede
1330 1228 1372 1271 eu
1401 1205 1551 1291 bewepen,
1581 1206 1643 1269 den
1668 1204 1735 1268 Aut

542 1314 610 1378 und
635 1314 742 1379 dessen
764 1312 1019 1378 Dienstmaonen
1040 1332 1101 1375 oon
1124 1312 1184 1374 den
1208 1309 1368 1377 Oensuoen
1389 1330 1431 1375 eu
1453 1308 1645 1374 absolvieren
1666 1308 1735 1372 und

542 1419 651 1483 beiden
666 1417 818 1483 Porteien
839 1419 931 1481 einen
947 1415 1241 1498 Verhondlunpstop
1263 1419 1460 1494 onsusetseu
1482 1434 1537 1478 nos
1560 1414 1621 1478 den
1635 1413 1734 1478 Streit

542 1521 700 1587 derselben
721 1543 762 1585 eu
784 1521 923 1586 oenum.

647 1625 785 1692 Datum:
823 1625 938 1691 Geben
973 1647 1014 1689 zu
1045 1624 1258 1710 Keufpeyren
1292 1645 1333 1687 en
1363 1634 1491 1707 montng
1521 1621 1604 1686 nach
1640 1620 1735 1685 sendt

545 1731 692 1815 Veitsteg
715 1728 841 1816 (1497),
869 1738 988 1794 unser·
1011 1728 1117 1792 reiohs
1140 1727 1198 1792 des
1220 1727 1414 1792 Remisehen
1438 1729 1479 1790 im
1503 1726 1651 1790 ewelften
1670 1727 1733 1812 jer.

648 1905 739 1971 Copie,
758 1905 821 1970 Pap.
859 1903 987 1954 Deutseh.

649 2027 789 2078 Vermerk:
813 2027 958 2078 Uesuuii-seio
975 2025 1072 2076 domini
1090 2028 1156 2091 repis
1170 2028 1291 2091 proptia.

590 2271 694 2342 2268.
1191 2276 1272 2334 1497
1288 2277 1348 2333 lull
1364 2276 1413 2341 10,
1431 2277 1692 2333 montistenensis.

546 2458 685 2539 Zenonis
707 2456 783 2520 iiber
804 2457 856 2519 die
878 2478 930 2520 om
954 2457 1141 2537 (littwoiper
1164 2456 1261 2520 Prior
1282 2455 1412 2519 Johonn
1434 2476 1487 2520 nm
1511 2454 1658 2519 Vulsiner
1679 2453 1738 2518 See

943 2561 1116 2644 beponpene
1138 2560 1343 2643 Beroulinno.

649 2746 732 2812 Orig„
753 2745 818 2811 Pap.
854 2744 944 2812 Siegel
963 2751 1041 2797 unter
1059 2745 1240 2810 Papierdeeke
1258 2745 1286 2794 in
1303 2744 1406 2794 rothem
1420 2744 1533 2794 Wnehse
1551 2742 1735 2808 aulgedmekt

651 2920 779 2984 Pn'ores
809 2918 918 3006 populi
949 2921 1084 2985 civitatis
1108 2919 1226 2984 Montis
1249 2919 1417 2984 Flaseonis
1447 2919 1594 2984 omnibus
1621 2929 1653 2983 et
1675 2919 1735 2982 sin-

547 3024 630 3112 gulis
653 3034 818 3111 presentes
841 3034 966 3089 nostres
989 3026 1180 3110 inspecturis
1203 3022 1302 3088 fidem
1321 3024 1466 3106 fecimus
1490 3023 1627 3110 qualiter
1641 3044 1736 3088 vene·

546 3129 657 3194 rabilis
679 3131 729 3194 vir
751 3129 851 3194 frater
873 3128 990 3193 lennes
1013 3128 1133 3194 ordinis
1154 3130 1256 3193 sancti
1272 3128 1440 3193 Benedicti
1456 3128 1498 3192 de
1515 3127 1652 3194 Gotvieo
1667 3149 1736 3213 pro·

548 3237 653 3315 vincio
685 3234 814 3312 Austris
844 3234 1044 3300 Pataviensis
1076 3233 1222 3316 diocesis,
1254 3257 1329 3300 oum
1359 3257 1401 3298 ex
1431 3256 1529 3320 supra
1559 3232 1644 3297 dioto
1667 3231 1736 3296 loon

548 3341 684 3405 Romam
714 3339 973 3425 proficisceretur
1002 3361 1060 3425 pro
1091 3341 1227 3425 negotiis
1257 3339 1317 3404 sibi
1347 3340 1501 3426 impositis
1524 3336 1736 3423 expediendis

548 3457 581 3511 et
602 3444 645 3509 ed
663 3443 823 3509 Vulsinios
846 3446 1055 3528 pervenisset,
1079 3446 1111 3507 in
1133 3443 1274 3529 quadam
1298 3442 1392 3530 sylva
1406 3446 1489 3508 inter
1504 3452 1644 3507 nostram
1662 3443 1737 3506 nivi·

547 3559 647 3615 tatem
679 3558 710 3611 et
741 3546 842 3612 dictos
865 3546 1027 3613 Vulsinios
1057 3548 1169 3612 insidit
1197 3550 1230 3612 in
1261 3558 1384 3633 septem
1413 3547 1552 3613 latrones
1575 3568 1640 3611 une
1663 3567 1735 3611 oum

549 3652 649 3716 tribus
680 3653 773 3715 sociis
803 3654 868 3715 suis
899 3651 1040 3716 ferentes
1062 3652 1193 3717 balistas
1217 3661 1248 3716 et
1270 3674 1344 3717 cum
1367 3651 1459 3717 bonis
1482 3653 1583 3738 equis,
1607 3653 1659 3737 qui
1683 3649 1737 3715 eb·

549 3757 706 3820 stulerunt
739 3756 798 3819 sibi
829 3755 963 3821 ducatos
994 3759 1156 3842 octoginta
1188 3778 1247 3821 sex
1278 3758 1346 3821 auri
1377 3766 1409 3821 et
1439 3755 1576 3820 florenos
1606 3777 1666 3820 sex
1696 3753 1737 3818 de

549 3860 662 3924 Rheno
693 3872 726 3925 et
755 3882 873 3946 equum
902 3859 1019 3925 valoris
1051 3860 1241 3926 ducatorum
1271 3870 1353 3943 osto,
1377 3883 1477 3947 quare
1501 3869 1624 3925 constet
1647 3859 1737 3925 nobis

549 3987 608 4050 per
629 3964 762 4029 idoneos
784 3974 894 4047 testeS,
917 3964 1003 4051 quod
1027 3964 1103 4030 dicti
1120 3964 1259 4030 latrones
1275 3976 1307 4029 et
1321 3965 1408 4030 fures
1424 3964 1625 4030 abstulerunt
1640 3986 1738 4050 supro

550 4068 652 4133 dictos
683 4067 816 4134 ducatos
847 4079 879 4133 et
909 4091 1027 4155 equum
1058 4070 1143 4135 dieto
1174 4069 1350 4135 venerabili
1380 4072 1449 4134 viro
1477 4068 1567 4134 fratri
1590 4069 1683 4134 Ianni
1706 4077 1739 4132 et

549 4173 611 4237 hee
642 4172 682 4237 de
713 4194 811 4237 eausa
840 4173 900 4237 fuit
928 4173 1091 4259 inpeditus
1122 4183 1154 4238 et
1183 4176 1311 4259 negotia
1338 4197 1396 4238 sua
1419 4172 1573 4259 expedire
1596 4195 1660 4238 non
1686 4194 1737 4258 po

549 4279 616 4342 tuit.
662 4277 784 4341 Datum
806 4280 838 4341 in
861 4278 989 4342 civitate
1012 4278 1130 4343 Montis
1153 4276 1320 4343 Flnseonis
1343 4278 1429 4365 apud
1453 4277 1607 4365 palatium
1630 4288 1737 4343 nostre

549 4380 638 4446 solite
672 4381 845 4459 residentis
878 4380 939 4445 sub
975 4395 1093 4467 nostre,
1128 4405 1191 4469 quo
1225 4385 1344 4449 utimur
1376 4381 1489 4467 sigillo,
1524 4382 1577 4446 die
1610 4383 1643 4447 X
1673 4381 1737 4446 iulii

551 4484 940 4552 MOCOOLXXXXVII.
1357 4487 1392 4552 P.
1414 4487 1456 4551 de
1479 4486 1694 4583 Mendotuff)

550 4694 636 4751 2262.
655 4708 667 4732 ·
685 4698 756 4749 suit
771 4713 868 4748 umere.
