3356 5306
677 608 845 677 October.

297 768 421 853 Equat
447 776 484 831 et
510 766 680 832 octobris
708 768 890 831 sementis
917 776 1049 852 tepore
1076 766 1223 830 libram.

331 889 467 953 'Persius
490 888 629 953 octobris
651 887 778 973 gladius
801 887 927 953 decimo
950 888 1061 953 ordine
1085 890 1192 953 nectit.

382 1011 565 1078 Octobris
592 1011 711 1077 habet
738 1011 820 1076 dies
849 1011 900 1095 31,
928 1011 1055 1077 lunam
1083 1010 1134 1077 29.

189 1155 216 1216 l.
240 1153 388 1238 Remigii,
413 1152 578 1232 Germani,
602 1151 746 1217 Vedasti.

187 1256 216 1320 2.
240 1257 437 1342 Leudegarii
460 1280 509 1343 cp.

186 1360 216 1425 3.
240 1362 373 1448 Sulpicii
395 1373 427 1428 et
450 1361 629 1427 Seruiliani.

187 1465 216 1530 7.
240 1466 345 1531 Marci
367 1489 462 1552 pape.

186 1569 215 1633 8.
240 1570 397 1635 Demetrii
420 1594 463 1637 m.

185 1673 215 1738 9.
240 1675 390 1761 Dyonisii
413 1686 445 1741 et
468 1677 626 1739 sociorum
649 1678 727 1739 eius.

166 1778 216 1842 10.
241 1780 399 1845 Gereonio
423 1792 455 1844 et
477 1782 637 1844 sooiomm
661 1782 739 1845 eius.

168 1883 215 1946 12.
239 1883 452 1948 Maximiliani
476 1907 525 1970 ep.

167 1988 215 2051 13.
239 1987 450 2054 Oholomanni
472 2012 513 2054 m.

168 2091 217 2156 14.
239 2093 355 2158 Kalisti
378 2117 462 2180 pape
485 2104 518 2158 et
540 2117 581 2158 m.

167 2196 216 2260 15.
241 2198 433 2263 Sanctorum
455 2198 643 2263 Maurorum
667 2198 824 2264 CCCLX.

166 2301 215 2365 16.
240 2300 326 2368 Galli
349 2303 432 2367 conf.

167 2405 215 2468 18.
240 2405 331 2483 Luce
354 2406 559 2491 evangeliste.
608 2406 671 2472 Sol
699 2410 735 2471 in
764 2410 1018 2493 scorpionem.

167 2509 216 2574 19.
241 2510 384 2576 Ianuarii
406 2522 438 2576 et
460 2513 619 2576 sociorum
642 2514 721 2577 eius.

165 2617 216 2679 21.
239 2617 290 2682 XI
313 2617 399 2681 milia
422 2619 591 2702 virginum.

164 2721 216 2785 22.
241 2722 363 2787 Seueri.

164 2826 215 2889 23.
241 2826 389 2891 Seuerini
412 2848 461 2911 ep.

165 2930 216 2993 25.
241 2929 380 3015 Crispini
403 2941 435 2995 et
458 2929 626 3015 Crispiani.

164 3034 216 3099 26.
240 3034 383 3099 Amandi
406 3057 456 3121 ep.

165 3139 216 3202 27.
242 3139 370 3225 vigilia.

165 3243 216 3307 28.
241 3244 392 3331 Symonis
415 3254 447 3309 et
469 3244 560 3309 lude.

165 3349 217 3411 30.
242 3349 395 3414 Germani
419 3349 502 3413 conf.

165 3452 216 3515 31.
242 3452 436 3537 Wolfkangi
459 3475 520 3538 ep,
545 3452 692 3532 Quintini
714 3477 766 3537 m,
791 3454 918 3538 Vigilia.

653 3670 871 3739 November.

235 3837 417 3923 Scorpius
446 3837 646 3902 hibernum
673 3860 812 3923 preces
840 3836 949 3901 iubet
974 3840 1030 3901 ire
1057 3837 1286 3903 novembris.

288 3958 409 4037 Quinta
432 3959 616 4023 novembris
640 3982 718 4024 acus
741 3962 796 4023 vix
821 3960 921 4022 tercia
944 3961 1061 4024 mansit
1083 3961 1114 4023 in
1138 3982 1228 4025 urna.

360 4080 590 4145 Novembris
618 4080 733 4145 habet
760 4080 841 4144 dies
869 4080 922 4164 30,
949 4080 1076 4145 lunam
1103 4081 1155 4145 30.

190 4222 216 4284 1.
240 4222 413 4286 Festivitas
437 4223 578 4285 omnium
602 4230 796 4303 sanctorum,
820 4221 944 4285 Cesarii
966 4245 1007 4286 m.

186 4325 215 4388 3.
240 4325 384 4390 Pirminii
406 4348 456 4412 ep.

185 4428 215 4491 4.
240 4429 403 4495 Ualentini
426 4452 476 4515 op.

185 4532 215 4596 5.
239 4533 371 4597 Eusebii
395 4535 456 4598 m.ยน

269 4707 277 4737 ยน
296 4707 447 4772 Eigentiiob
467 4709 513 4760 das
532 4710 594 4759 Fert
612 4728 631 4759 a.
649 4709 780 4759 Felicior!
799 4710 909 4760 Erraebii.
