3364 5300
314 415 376 481 190

312 607 435 673 traditis
466 617 499 672 et
527 608 698 691 assignatis
728 604 854 691 plenius
888 607 1076 670 continetur.
1127 605 1249 669 Datum
1282 605 1420 670 Wienne
1455 604 1507 669 die

312 715 424 800 quinta
447 714 566 777 mensis
589 713 666 776 iunii
690 733 774 775 anno
798 710 919 775 domini
941 719 1002 775 eto.
1026 712 1243 795 octuagesimo
1267 712 1378 796 primo.

355 958 454 1025 1969.
1053 963 1133 1019 1181
1151 963 1220 1019 lunt
1239 963 1288 1029 ll,
1306 964 1463 1035 (lottwoig.

311 1135 375 1200 Abt
405 1134 529 1198 Loreua
557 1154 619 1197 voa
648 1131 803 1215 Gdttweip
834 1131 1042 1214 entscltuldipt
1071 1132 1138 1197 sich
1168 1133 1216 1197 bei
1246 1134 1316 1196 doru
1346 1133 1509 1199 Passauer

312 1239 442 1320 official
457 1236 621 1322 Wipolaas
643 1237 776 1301 Bloschl
798 1259 902 1320 saepen
923 1240 1024 1302 sanes
1040 1236 1223 1302 Verhalteus
1243 1239 1416 1321 peyrusse
1437 1240 1507 1304 dem

748 1340 908 1407 Cardirral
930 1342 1075 1407 Hciseler.

415 1502 498 1568 Copia
515 1503 544 1552 iu
563 1502 769 1553 00111107.

415 1658 620 1724 Venerabilis
652 1669 685 1722 et
715 1660 844 1743 egregie
871 1660 936 1723 vir!
966 1668 1026 1723 etc.
1074 1659 1184 1723 Facile
1208 1682 1251 1723 ex
1273 1662 1388 1724 vestris
1412 1659 1507 1725 hodie

311 1764 403 1830 nobis
426 1763 540 1829 oblatis
562 1763 673 1827 litteris
697 1766 923 1848 perspeximus
945 1765 977 1827 in
1002 1762 1062 1828 hiis
1085 1766 1260 1849 repentinis
1284 1774 1316 1830 et
1335 1768 1432 1829 tentis
1448 1787 1507 1850 pro

311 1869 449 1934 ecelesia
471 1869 657 1933 Pataviensi
690 1867 930 1932 diversitatibus
962 1867 1115 1933 nonnulla
1146 1867 1186 1933 de
1217 1868 1309 1933 nobis
1338 1879 1370 1933 et
1391 1871 1507 1933 nostris

312 1973 526 2039 confratribus
549 1995 609 2059 per
630 1973 728 2038 falsos
751 1995 895 2038 rumores
919 1972 961 2037 ad
985 1996 1043 2038 vos
1066 1995 1137 2037 esse
1161 1972 1277 2038 delata.
1305 1974 1390 2038 Nam
1412 1977 1507 2039 inter·

312 2079 444 2163 dictum,
468 2081 515 2143 uti
536 2077 632 2164 plane
656 2087 789 2161 constat,
813 2100 874 2142 nec
897 2102 957 2164 per
979 2100 1037 2141 nos
1060 2100 1120 2142 nec
1143 2088 1267 2142 nostros
1290 2079 1406 2143 fratres
1429 2089 1507 2145 tam·

313 2206 410 2270 quam
432 2185 563 2247 minime
586 2181 629 2246 ad
652 2204 710 2247 nos
734 2185 872 2247 attinens
895 2185 1069 2267 signanter,
1094 2205 1167 2246 oum
1190 2181 1278 2246 nulla
1300 2185 1333 2247 in
1356 2205 1396 2248 ea
1415 2193 1507 2270 parte

312 2288 523 2371 fungeremur
552 2290 751 2371 auctoritate,
782 2287 859 2352 ferri
889 2290 1000 2373 potuit,
1031 2290 1114 2352 sicut
1141 2309 1202 2351 nec
1234 2286 1354 2352 debuit.
1400 2289 1438 2353 In
1467 2311 1507 2354 ea

312 2401 420 2458 tamen
444 2414 479 2457 re
503 2414 716 2477 sepenumero
731 2414 790 2478 per
805 2391 1113 2457 reverendissimum
1129 2391 1292 2457 dominum
1309 2392 1506 2459 cardinalem

313 2497 374 2563 sub
396 2497 713 2563 interminacionibus
737 2519 854 2562 census
877 2508 909 2562 et
931 2499 1124 2583 privacionis
1141 2497 1276 2562 ecclesie
1293 2500 1325 2562 in
1340 2498 1505 2563 Mauttarn

312 2604 430 2669 fuimus
457 2605 610 2689 requisiti,
642 2613 800 2688 quatenus
822 2605 928 2687 ipsum
951 2601 1155 2667 interdictum
1178 2624 1237 2687 per
1260 2625 1351 2668 suam
1374 2605 1406 2667 in
1430 2625 1505 2667 eun-

313 2707 387 2773 dem
417 2707 523 2772 locum
554 2707 654 2772 latum
677 2706 902 2772 iuviolabiliter
925 2729 983 2792 per
1005 2717 1129 2772 nostros
1152 2716 1375 2793 cooperatores
1398 2708 1506 2772 obser·

311 2814 382 2877 vari
405 2812 596 2889 faceremus,
625 2834 689 2898 quo
712 2811 845 2899 quidem
868 2814 901 2876 in
923 2816 1061 2897 negotio,
1086 2822 1206 2898 quanta
1228 2823 1357 2878 servata
1379 2816 1420 2877 sit
1442 2836 1506 2877 mo

313 2917 425 3002 destia,
457 2926 578 3002 quauta
606 2916 781 2981 verborum
811 2918 1005 3001 parsimonia
1035 2926 1067 2982 et
1097 2940 1159 3003 que
1191 2920 1380 2982 exeeucioni
1408 2940 1506 2983 cause

312 3021 451 3107 allegato
474 3043 517 3085 ex
540 3022 617 3108 ipsis
639 3023 755 3086 nostris
778 3020 922 3086 mandati
945 3020 1067 3085 cedulis
1090 3021 1220 3086 edoceri
1242 3024 1395 3108 poteritis.
1432 3022 1505 3087 Non

312 3129 409 3213 igitur
438 3148 477 3191 ea
509 3129 664 3191 exeeucio
686 3149 707 3190 a
729 3126 820 3191 nobis
844 3127 927 3191 sicut
949 3127 1130 3211 scripsistis,
1154 3127 1212 3191 sed
1235 3150 1255 3191 a
1277 3127 1394 3213 prefati
1416 3149 1506 3193 reve·

311 3231 493 3297 rendissimi
516 3230 636 3296 domini
660 3230 830 3296 cardinalia
853 3230 1018 3316 pendebat
1040 3231 1201 3296 mandato.
1244 3231 1284 3296 Id
1306 3254 1395 3314 vero,
1420 3232 1505 3319 quod

313 3336 417 3402 dicitis
448 3358 506 3402 vos
530 3338 608 3401 satis
631 3335 780 3400 edoctum
804 3358 885 3419 esse,
910 3358 975 3422 qua
997 3338 1183 3401 austeritate
1206 3346 1341 3401 matrem
1364 3346 1506 3402 nostram

313 3441 482 3506 ecelesiam
506 3442 733 3505 Pataviensem
764 3462 1008 3527 persequamur,
1039 3442 1181 3505 animum
1208 3450 1354 3505 nostrum
1376 3463 1507 3525 magno·

312 3568 389 3631 pere
421 3548 529 3629 movit,
562 3568 636 3610 cum
666 3546 772 3610 omnia
799 3555 909 3611 nostra
932 3545 1038 3610 studia
1062 3554 1094 3610 et
1117 3547 1332 3630 cogitaciones
1356 3546 1417 3609 hoe
1440 3556 1507 3611 tam

313 3651 445 3735 impium
475 3660 507 3714 et
534 3649 727 3735 sacrilegum
749 3650 876 3715 facinus
899 3673 962 3715 non
985 3650 1080 3715 modo
1102 3651 1238 3735 fugiunt,
1262 3673 1375 3714 verum
1400 3652 1505 3734 ctiam,

312 3765 348 3819 ut
378 3776 561 3840 quenquam
585 3754 802 3820 Christianum
834 3754 929 3820 decet
958 3754 1129 3829 homiuem,
1160 3754 1347 3838 abhorrent,
1380 3777 1444 3841 qua
1472 3758 1505 3820 in

312 3869 404 3945 parte
434 3861 532 3925 nostri
562 3868 662 3924 status
692 3882 731 3923 ac
762 3858 924 3946 dignitatis
953 3858 1106 3924 habenda
1135 3858 1241 3923 fuerat
1271 3861 1361 3943 ratio,
1397 3869 1429 3923 et
1458 3868 1507 3923 est

312 3965 385 4029 luce
415 3964 530 4029 clarior
552 3987 613 4029 nec
637 3964 801 4030 dominum
824 3964 962 4030 electum
985 3974 1041 4028 aut
1063 3966 1193 4050 quosvis
1216 3964 1277 4029 sibi
1299 3963 1504 4047 adherentes,

312 4068 585 4155 quemadmodum
616 4069 763 4151 scribitis,
791 4093 810 4134 a
840 4072 956 4134 nostris
986 4092 1044 4134 seu
1076 4092 1118 4133 ex
1148 4079 1257 4134 nostra
1281 4072 1505 4134 commissione

312 4172 524 4238 denunciatos
547 4196 617 4238 esse
640 4176 815 4259 signanter,
839 4197 913 4239 cum
935 4174 978 4238 ad
1000 4196 1059 4239 nos
1081 4173 1262 4238 huiusmodi
1277 4173 1356 4238 nihil
1372 4177 1506 4239 attineat

313 4280 468 4343 exeeucio
484 4277 699 4365 libentiusque
716 4281 814 4365 quieti
831 4301 929 4365 quam
945 4278 1196 4343 dissensionibus
1213 4278 1416 4343 consulimus.
1433 4277 1504 4343 Oul-

313 4405 428 4470 pamur
450 4392 599 4468 preterea
621 4384 803 4469 plebisanos
827 4383 962 4448 ecclesie
981 4394 1089 4449 nostre
1113 4383 1321 4470 parrochialis
1344 4385 1377 4448 iu
1403 4383 1505 4448 Maut·
1544 4463 1546 4467 y

312 4499 385 4552 tarn
408 4509 467 4573 per
488 4497 611 4553 nostros
633 4489 818 4574 monachos,
850 4492 1019 4575 quominus
1042 4491 1112 4553 iura
1134 4511 1193 4552 sua
1215 4487 1428 4574 parrochialis
1449 4487 1505 4553 ibi·

314 4592 388 4658 dem
404 4601 558 4679 prestent,
574 4593 771 4679 persuaderi.
799 4594 882 4659 Rem
897 4596 943 4658 sic
959 4594 1109 4678 accipitet
1141 4592 1310 4657 Venerunt
1324 4614 1367 4656 ex
1383 4591 1506 4657 eisdem

314 4699 496 4784 complures
525 4720 583 4763 sua
613 4708 725 4784 sponte
754 4700 881 4764 nomine
904 4719 1035 4785 prorsus
1058 4695 1100 4761 ad
1123 4695 1184 4760 hoc
1206 4699 1379 4783 instigante
1401 4698 1504 4783 requi·
