3388 5302
1290 428 1350 494 147

157 616 198 683 de
228 617 366 684 fortuna.
412 619 485 683 Hoc
517 621 636 685 etenim
667 621 848 706 principum
879 618 1095 685 moderacioni
1125 621 1158 684 in
1189 629 1352 705 posterum

157 725 319 808 convenit,
350 732 386 789 ut
418 745 481 809 que
508 723 746 790 racionabiliter
768 723 917 789 ordinata
939 733 1013 789 suut
1036 733 1069 789 et
1090 725 1242 807 instituta,
1265 723 1353 790 nulla

156 828 380 915 refragacione
411 830 443 892 in
473 838 637 915 posterum
664 831 806 895 maxime
829 828 954 915 absque
977 828 1120 893 evidenti
1143 827 1278 894 utilitate
1300 827 1354 894 vel

156 934 351 998 necessitate
379 932 557 999 turbentur.
604 933 677 1015 Quo
701 955 778 1019 ergo
801 941 896 1019 paeto
920 932 1106 1019 supradicta
1127 932 1238 999 bulla⁴
1261 935 1354 999 acuti

157 1036 320 1124 prefertur
342 1035 417 1102 divo
441 1040 544 1103 cesari
560 1037 636 1103 data
651 1040 769 1103 mereri
784 1037 920 1103 deberet
938 1038 1100 1121 effectum,
1124 1060 1187 1124 que
1202 1060 1265 1104 nec
1280 1060 1355 1103 cum

158 1163 319 1207 canonum
342 1163 405 1206 nec
428 1163 502 1206 cum
525 1141 634 1228 legum
656 1144 780 1208 ratione
803 1163 865 1207 nec
889 1141 1030 1227 denique
1051 1164 1125 1207 cum
1144 1142 1252 1229 aliqua
1268 1143 1354 1228 equi·

157 1256 223 1312 tate
255 1245 439 1312 concordat.
485 1246 538 1311 Ex
567 1269 632 1334 qua
656 1248 752 1312 etiam
775 1247 933 1311 immerito
955 1245 1018 1312 alia
1041 1269 1139 1333 quam
1163 1246 1204 1312 de
1227 1246 1355 1333 prefata

158 1351 315 1416 canonica
345 1349 508 1416 eleccione
539 1360 650 1419 contra
679 1359 827 1439 pretacta
857 1358 1059 1437 compactata
1081 1351 1164 1415 forte
1185 1350 1273 1417 facta
1295 1351 1355 1416 fuit

158 1457 299 1543 provisio
326 1477 384 1521 seu
415 1456 624 1521 confirmatio.
669 1456 713 1521 Et
741 1464 914 1542 propterea
943 1456 970 1520 si
998 1457 1094 1520 etiam
1116 1476 1181 1520 non
1204 1457 1354 1541 cognitio,

158 1560 217 1625 sed
241 1561 412 1626 dumtaxat
434 1564 584 1627 executio
605 1563 639 1625 in
662 1562 729 1625 vim
752 1560 897 1625 eiusdem
917 1559 1112 1626 demandata
1128 1568 1223 1645 esset,
1245 1559 1354 1625 adhuc

158 1674 267 1730 tamen
298 1664 339 1730 dc
362 1667 498 1731 veritate
521 1687 654 1751 precum
679 1666 804 1730 iusticia
826 1664 989 1730 mediante
1011 1665 1129 1751 inquiri
1153 1662 1297 1748 deberet,
1320 1674 1356 1730 ut

159 1771 186 1834 si
206 1769 307 1853 fraus,
331 1770 358 1834 si
380 1771 605 1856 importunitas
627 1769 680 1835 vel
703 1767 784 1833 alius
807 1768 954 1834 defectus
977 1770 1213 1854 intervenisset,
1237 1767 1279 1834 de
1300 1790 1354 1834 ne·

159 1875 252 1960 goeio
287 1882 319 1940 et
351 1873 406 1940 tali
440 1875 689 1940 confirmacione
722 1883 984 1960 cognosceretur,
1017 1875 1160 1940 maxime
1194 1896 1268 1939 oum
1301 1894 1355 1938 res

158 1977 293 2064 grandis
315 1980 357 2044 sit
379 1989 411 2044 et
433 2001 588 2065 maguum
609 1979 823 2067 preiudicium
847 1978 983 2044 ecclesie
1006 1988 1149 2065 generet.
1195 1976 1275 2044 Ideo
1296 2000 1355 2043 nos

160 2084 353 2149 Wilbelmus
376 2086 567 2171 prepositus,
590 2083 782 2150 Valentinus
806 2083 950 2149 decanus
973 2106 1012 2148 ac
1028 2083 1203 2171 capitulum
1219 2082 1356 2149 ecclesie

160 2188 364 2254 Pataviensis
390 2188 526 2276 prefate,
551 2211 687 2275 quorum
710 2190 852 2253 maxime
875 2190 1009 2253 interest
1031 2198 1063 2253 et
1085 2198 1180 2275 prout
1201 2187 1356 2255 naturalis

161 2295 237 2359 iuris
266 2295 348 2358 ratio
377 2292 517 2380 postulat
545 2295 701 2379 inprimis,
732 2292 775 2357 ad
806 2292 868 2357 hoc
896 2295 1005 2358 vocari
1028 2292 1133 2358 audiri
1156 2302 1189 2359 et
1210 2315 1263 2359 res
1285 2295 1356 2380 ipsa

161 2419 236 2463 cum
274 2419 373 2464 cause
410 2400 597 2484 cognicione
636 2408 668 2463 et
701 2397 812 2463 debita
845 2399 924 2463 iuris
957 2396 1157 2464 solemnitate
1190 2399 1355 2485 purificari

162 2500 276 2568 discuti
308 2504 486 2590 peragique
513 2512 570 2568 aut
591 2501 725 2589 procedi
747 2502 921 2587 debuisset,
945 2525 1020 2568 cum
1042 2502 1253 2588 preiudicium
1275 2502 1355 2568 illud

161 2630 224 2673 non
246 2607 433 2694 temporale,
457 2607 516 2673 sed
538 2618 731 2695 perpetuum
755 2615 898 2675 nostrum
921 2617 953 2672 et
967 2609 1068 2695 ipsius
1084 2607 1220 2673 ecclesie
1237 2609 1356 2674 existat

162 2721 193 2778 et
222 2710 343 2778 nedum
373 2734 442 2797 nos,
474 2712 532 2778 sed
560 2723 593 2778 et
614 2711 833 2799 predictorum
856 2721 1129 2799 compactatorum
1151 2714 1267 2778 intuitu
1288 2714 1354 2778 uni·

161 2839 290 2883 versam
319 2818 539 2904 germanicam
568 2820 737 2883 nacionem
769 2825 952 2882 concernat.
998 2816 1065 2883 Sed
1098 2819 1175 2905 quia
1207 2815 1356 2905 predicta

163 2922 336 2988 observata
365 2944 430 2987 non
460 2932 543 3005 sunt,
573 2922 647 2987 ideo
676 2930 776 3008 patet,
806 2921 893 3008 quod
924 2921 1145 2988 exorbitanter
1173 2932 1206 2989 et
1227 2922 1357 2989 nulliter

162 3049 349 3113 processum
377 3037 425 3092 est
454 3037 565 3092 contra
591 3025 755 3112 predictas
778 3028 925 3091 raciones
947 3050 987 3092 ac
1009 3038 1115 3114 pacta,
1139 3028 1356 3113 obligaciones

163 3144 194 3198 et
222 3133 453 3198 conventiones
482 3132 648 3218 speciales,
680 3155 743 3219 que
771 3141 806 3197 ut
834 3130 1013 3217 predicitur
1041 3135 1119 3200 iuris
1148 3136 1300 3219 gencium
1323 3145 1355 3199 et

163 3237 318 3304 naturalis
340 3246 424 3320 sunt,
447 3235 533 3301 nullo
556 3237 618 3303 alio
640 3239 709 3303 iure
731 3236 797 3302 tolli
819 3248 962 3324 possunt.
993 3237 1078 3304 Nam
1093 3239 1169 3304 licet
1183 3239 1244 3304 hec
1260 3247 1356 3324 pacta

164 3343 393 3409 conventiones
424 3351 456 3406 et
487 3340 703 3428 obligaciones
726 3366 746 3408 a
768 3344 925 3430 principio
948 3343 1066 3408 fuerint
1088 3342 1259 3408 voluntatis
1283 3351 1315 3409 et
1336 3367 1356 3409 a

162 3448 309 3532 parcium
332 3445 562 3533 dependebant
585 3469 752 3531 consensu,
776 3455 885 3512 tamen
908 3470 982 3512 cum
1005 3457 1113 3534 partes
1135 3450 1205 3534 ipse
1224 3447 1356 3514 easdem

163 3551 246 3616 ultro
277 3553 421 3638 citroque
452 3554 614 3617 communi
644 3573 803 3618 consensu
833 3563 866 3617 et
891 3551 1055 3618 voluntate
1079 3552 1291 3639 applicarunt,
1316 3553 1356 3618 de

164 3666 236 3741 post
266 3657 393 3721 nonnisi
423 3666 532 3721 mutuo
564 3676 723 3722 consensu
753 3655 797 3722 ab
826 3656 948 3721 eisdem
970 3657 1093 3724 resilire
1116 3669 1298 3746 potuerunt,
1321 3668 1357 3724 ut

165 3759 281 3825 eadem
312 3781 413 3825 causa
442 3762 654 3847 corruptionis
684 3763 734 3845 sit,
765 3782 829 3846 que
859 3770 891 3825 et
919 3765 1133 3846 generationis
1155 3764 1271 3848 firerat,
1295 3786 1356 3829 nec

165 3866 260 3930 etiam
288 3866 484 3949 presumitur
513 3867 676 3952 principes
704 3866 841 3930 nationis
864 3866 1069 3953 Germanice,
1097 3869 1124 3932 si
1150 3870 1206 3954 qui
1228 3868 1356 3951 fuerint,

165 3971 219 4056 qui
240 3968 364 4034 litteras
387 3967 429 4035 ad
453 3971 688 4035 sanctissimum
712 3969 877 4035 dominum
899 3980 1043 4035 nostrum
1066 3993 1124 4057 pro
1145 3971 1273 4038 domino
1289 3995 1357 4038 car·

166 4072 263 4138 dinali
288 4071 329 4138 de
352 4072 469 4138 Hasler
492 4073 661 4157 dederimt,
685 4097 745 4160 per
768 4073 900 4139 easdem
924 4074 1083 4141 voluerint
1105 4099 1125 4141 a
1148 4079 1357 4163 compactatis

164 4176 318 4265 predictis
348 4177 516 4264 recedere,
540 4200 613 4244 oum
635 4181 753 4244 necin
777 4178 899 4244 eisdem
923 4178 965 4244 de
987 4178 1042 4245 tali
1064 4203 1195 4246 recessu
1218 4181 1357 4268 aliquam

164 4282 351 4368 specificam
365 4284 561 4347 mentionem
575 4283 721 4366 fecerint,
745 4284 823 4371 quin
837 4284 948 4370 ymmo
963 4286 1075 4370 pocius
1089 4296 1230 4351 mentem
1246 4308 1358 4351 eorum

164 4389 196 4452 in
226 4388 424 4453 contrarium
453 4385 621 4452 declarare
652 4397 832 4454 statuerunt
862 4397 894 4455 et
916 4391 961 4454 sic
983 4411 1047 4455 neo
1069 4412 1112 4455 ex
1133 4390 1194 4455 illis
1216 4400 1357 4455 mentem

166 4493 357 4559 mncdssimi
388 4490 507 4557 domini
536 4494 634 4558 nostri
664 4491 802 4578 predicti
831 4502 951 4560 motam
982 4516 1052 4560 esse
1079 4517 1138 4561 seu
1159 4497 1282 4560 moveri
1305 4494 1357 4558 de-

167 4646 293 4653 --.....-..-
300 4648 305 4651 π

166 4720 246 4777 losa.
271 4720 374 4771 ⁴Mon.
389 4721 465 4771 boica
483 4719 583 4781 xxxi,
601 4720 637 4782 11,
656 4721 705 4771 ott
726 4736 766 4771 nr.
780 4723 838 4773 245.

1152 4807 1201 4859 10·
