3406 5300
275 387 345 451 356,

378 580 568 645 Beatissime
590 579 702 644 Pater!
745 577 827 644 Cum
850 577 929 643 alias
953 576 1071 644 devota
1094 590 1243 646 creatura
1265 590 1376 646 vestra
1399 580 1468 647 Gri-

276 684 424 774 stofferus
448 686 617 769 episcopus
639 684 840 748 Patavionsis
863 683 950 748 fama
972 683 1164 749 scandalosa
1186 707 1244 770 per
1265 694 1363 750 totam
1386 685 1470 751 illius

277 788 412 855 diocesis
443 788 576 854 suborta
607 796 719 853 contra
745 808 918 873 personam
940 787 1064 853 Mathie
1093 811 1128 854 se
1151 787 1247 855 modo
1270 812 1328 875 pro
1351 789 1470 856 abbate

276 895 461 960 monasterii
478 893 691 960 Gotwicensis
714 895 856 980 gerentis
877 892 996 958 ordinis
1012 895 1115 958 sancti
1129 892 1299 959 Benedicti
1314 894 1469 959 eiusdem.

276 1000 478 1065 Pataviensis
501 998 638 1064 diocesis
661 1021 705 1063 ex
728 998 824 1064 officii
847 1001 897 1063 sui
913 997 1022 1064 debito
1039 1001 1193 1064 canonice
1208 1000 1327 1086 inquiri
1341 1000 1471 1065 fecisset

277 1114 310 1169 et
339 1105 371 1169 in
403 1103 480 1169 dicti
502 1103 625 1169 Mathie
655 1123 795 1189 persona
816 1105 960 1169 enormia
983 1102 1110 1184 delicta,
1133 1113 1349 1190 propterque
1373 1103 1471 1190 digne

277 1207 319 1274 ab
343 1206 482 1274 abbacia
506 1208 623 1294 deponi
644 1211 824 1292 meruisset,
848 1218 1013 1294 comperta
1028 1208 1165 1274 fuissent
1180 1211 1314 1295 ipseque
1330 1207 1471 1274 Mathias

278 1314 431 1399 deinceps
453 1313 495 1379 ab
518 1311 701 1379 huiusmodi
724 1311 912 1378 excessibus
935 1312 1018 1378 velle
1041 1313 1205 1378 abstinere
1227 1314 1425 1400 promisisset
1440 1324 1473 1380 et

277 1427 450 1506 propterea
473 1417 663 1482 delictorum
685 1416 926 1504 indulgenciam
941 1427 1019 1482 tunc
1034 1416 1234 1503 obtinuisset,
1257 1417 1299 1483 ad
1316 1420 1471 1483 vomitum

276 1533 386 1589 tamen
416 1521 546 1587 rediens
573 1520 661 1586 idem
684 1521 824 1587 Mathias
853 1524 965 1608 peiora
987 1523 1073 1588 mala
1096 1533 1128 1587 et
1150 1520 1390 1588 detestabiliora
1413 1526 1471 1588 cri·

277 1631 365 1720 mina
397 1635 586 1713 perpetrare
621 1648 683 1691 non
719 1626 909 1692 erubuisset.
962 1626 1013 1691 Ne
1046 1628 1144 1713 igitur
1180 1637 1328 1693 creatura
1362 1638 1472 1692 vestra

278 1731 475 1819 quiescendo
505 1730 636 1818 publica
666 1731 820 1796 scandala
850 1730 1022 1798 confovere
1054 1740 1086 1796 et
1108 1753 1219 1797 curam
1243 1730 1304 1796 sibi
1328 1735 1472 1797 commis·

279 1860 348 1902 sam
370 1835 538 1922 negligere
561 1835 737 1919 videretur,
768 1837 864 1900 certis
888 1834 949 1901 sibi
970 1835 1112 1901 honestis
1136 1846 1168 1901 et
1190 1833 1316 1901 devotis
1339 1835 1472 1923 prelatis

278 1941 439 2006 adiunctis
472 1942 504 2005 in
539 1939 665 2026 prefato
702 1942 897 2005 monasterio
934 1942 1050 2005 iterum
1087 1940 1281 2028 inquirendo
1315 1940 1472 2008 Mathiam

278 2047 383 2132 ipsum
407 2044 609 2128 deteriorem,
632 2046 734 2129 magis
757 2044 983 2129 facinorosum,
1006 2045 1257 2133 incorrigibilem
1279 2067 1318 2131 ac
1340 2067 1472 2132 prorsus

278 2151 421 2216 inutilem
452 2150 611 2236 prelatum
640 2151 774 2234 invenit,
804 2151 847 2215 ad
878 2153 970 2215 cuius
993 2152 1235 2234 correctionem,
1258 2160 1294 2216 ut
1316 2149 1473 2216 demerita

281 2279 339 2321 sua
362 2254 549 2340 exigebant,
572 2255 704 2320 ulterius
727 2254 925 2341 procedendi
948 2257 1126 2321 sanctitatis
1148 2265 1256 2321 vestre
1273 2254 1389 2321 devoto
1406 2278 1472 2321 ora·

280 2362 340 2426 tori
363 2359 531 2425 Bernardo
563 2362 713 2446 episcopo
737 2360 932 2443 Libariensi,
964 2362 1033 2425 eius
1056 2360 1272 2446 suffraganeo,
1302 2363 1473 2448 negocium

279 2467 501 2553 inquisitionis,
533 2466 579 2529 uti
608 2464 774 2529 dimissum
797 2463 865 2549 fuit,
889 2467 1057 2549 commisit,
1081 2467 1136 2551 qui
1159 2469 1295 2530 servatis
1317 2467 1387 2531 iure
1409 2489 1472 2530 ser-

280 2568 395 2635 vandis
424 2572 529 2656 ipsum
552 2569 708 2633 Mathiam
731 2592 751 2633 a
772 2571 929 2655 regimine
953 2579 985 2634 et
1007 2569 1285 2636 administratione
1309 2569 1386 2635 dicti
1409 2593 1473 2635 mo-

281 2675 413 2740 nasterii
444 2673 591 2759 deposuit
621 2683 653 2738 et
682 2676 831 2759 privavit.
878 2673 909 2739 A
939 2696 1003 2760 qua
1034 2672 1163 2761 quidem
1195 2677 1370 2759 sentencia,
1399 2675 1474 2741 licct

280 2779 394 2843 diisset
413 2800 474 2864 per
495 2776 655 2864 prefatum
672 2777 828 2843 Mathiam
851 2776 893 2842 ad
917 2778 1028 2843 sedem
1051 2778 1316 2864 metropoliticam
1337 2779 1473 2845 ecclesie

281 2882 547 2967 Salzeburgensis
570 2882 775 2968 appellatum,
799 2885 872 2970 ipsa
887 2893 996 2948 tamen
1012 2885 1177 2949 sentencia
1193 2883 1234 2948 ob
1251 2885 1474 2970 appellationis

281 3009 345 3052 non
378 2989 635 3074 prosecutionem
666 2987 750 3053 infra
780 2985 925 3052 debitum
954 2990 1107 3074 temporis
1136 2990 1169 3053 in
1200 3010 1269 3054 rem
1299 2987 1474 3055 iudicatam

281 3094 463 3158 transmisit.
509 3090 740 3156 Niohilominus
765 3090 869 3157 dictus
893 3091 1032 3157 Mathias
1055 3115 1115 3178 per
1137 3092 1252 3158 falsam
1275 3103 1310 3158 ut
1332 3094 1475 3159 creditur

282 3199 519 3282 suggestionem
546 3219 677 3262 causam
699 3207 850 3282 pratense
873 3196 1094 3283 appellationis
1117 3220 1174 3263 sue
1198 3200 1293 3263 certis
1314 3196 1475 3264 iudicibus

282 3303 315 3365 in
337 3300 481 3387 partibus
503 3323 563 3386 per
584 3304 774 3387 rescriptum
798 3301 1006 3387 apostolicum
1027 3304 1180 3369 committi
1197 3301 1342 3387 obtinuit,
1366 3326 1475 3369 coram

282 3405 400 3492 quibus
429 3427 486 3491 pro
517 3415 608 3491 parte
639 3405 797 3470 dictorum
827 3417 974 3473 creature
1004 3418 1111 3472 vestre
1139 3416 1172 3472 et
1193 3407 1310 3494 prefati
1333 3411 1475 3495 episcopi

282 3510 481 3574 Libariensis
512 3512 609 3575 etiam
638 3511 671 3574 in
701 3532 833 3575 causam
854 3514 949 3575 tracti
971 3511 1123 3577 nonnulle
1147 3514 1355 3599 exceptiones
1378 3515 1475 3579 etiam

282 3616 342 3679 fori
366 3613 574 3679 declinatorie
597 3613 671 3680 date
694 3613 737 3679 ad
759 3613 964 3700 probandum
985 3615 1110 3682 admitti
1132 3620 1229 3703 petite
1252 3617 1391 3699 fuerunt,
1415 3619 1475 3703 ipsi

282 3727 391 3783 tamen
421 3721 562 3804 pretensi
591 3718 715 3784 iudices
748 3719 994 3806 exceptionibus
1016 3720 1197 3786 huiusmodi
1220 3724 1316 3811 tacite
1338 3721 1475 3808 repulsis

283 3822 437 3890 nonnulla
460 3823 522 3888 alia
545 3824 735 3909 gravamina
757 3826 834 3910 ipsis
851 3824 1029 3890 oratoribus
1043 3824 1228 3911 intulerunt,
1255 3825 1407 3912 aquibus
1429 3849 1475 3891 re·

283 3929 436 4016 pulsionis
466 3938 499 3992 et
528 3930 561 3993 in
588 3930 797 3993 instrumento
827 3929 1049 4015 appellationis
1080 3930 1221 4015 desuper
1248 3930 1394 3995 confecto
1422 3952 1475 3995 ex-

284 4035 402 4119 pressis
424 4031 666 4117 gravaminibus
688 4032 748 4097 fuit
771 4042 803 4097 et
824 4035 930 4097 extitit
951 4055 1009 4119 pro
1034 4044 1124 4120 parte
1148 4035 1306 4100 dictorum
1327 4044 1475 4100 creature

283 4146 391 4202 vestre
421 4148 453 4203 et
481 4136 598 4223 prefati
629 4138 770 4224 episcopi
800 4137 999 4203 Libariensis
1029 4137 1072 4203 ad
1102 4142 1306 4204 sanctitatem
1332 4149 1475 4225 vestram

285 4252 317 4307 et
346 4241 457 4306 sedem
485 4240 692 4328 apostolicam
722 4253 933 4328 provocatum
965 4254 997 4309 et
1024 4244 1230 4330 appellatum.
1275 4244 1379 4331 Igitur
1402 4266 1476 4310 cum

284 4367 384 4411 causa
412 4345 596 4412 huiusmodi
626 4350 666 4411 sit
694 4345 791 4412 valde
822 4350 931 4431 gravis
957 4358 991 4412 et
1016 4350 1100 4413 inter
1122 4349 1261 4433 prelatos
1283 4358 1407 4433 agatur,
1432 4349 1476 4413 di·

284 4460 402 4536 gnetur
424 4449 540 4516 eadem
562 4454 714 4516 sanctitas
737 4460 847 4515 vestra
870 4473 1002 4517 oausam
1025 4463 1057 4517 et
1080 4475 1194 4518 causas
1217 4452 1429 4540 appellatoriis
1444 4460 1478 4518 et

284 4555 533 4643 appellationum
555 4558 737 4642 posterioris
760 4556 943 4621 huiusmodi
966 4580 1005 4621 ac
1026 4557 1177 4623 nullitatis
1193 4579 1362 4644 processus
1379 4557 1476 4623 dicto

286 4684 359 4727 rum
389 4660 530 4727 iudicum
554 4671 877 4749 attemptatorumque
901 4672 933 4726 et
954 4664 1179 4728 innovatorum
1200 4678 1477 4751 quorumcumque
