3406 5300
1277 429 1341 494 299

148 620 350 687 nihilominus
381 644 439 707 per
469 621 612 687 medium
643 621 811 688 cuiusdam
843 624 1011 688 camerarii
1042 624 1158 688 secreti
1180 622 1341 709 pontificis

148 729 178 790 iu
201 726 324 791 lentum
346 735 474 791 vestrae
497 749 523 793 r.
540 750 571 814 p.
596 737 788 792 consecutus
810 727 943 792 fuissem
967 736 999 792 et
1021 727 1062 792 oh
1078 749 1151 792 eam
1167 726 1342 813 expeditio·

148 853 221 896 nem
244 831 466 917 prothocolum
489 854 532 896 ex
556 835 708 916 magistro
731 830 875 898 Iohanne
899 831 1108 917 Hagenwiler
1129 831 1172 896 ad
1201 830 1342 917 obhgan·

148 935 225 1001 dum
247 958 279 1022 p.
295 959 327 1002 v.
344 959 370 1000 r.
395 945 427 1001 et
449 937 677 1002 monasterinm
691 938 797 1024 ipsum
812 958 871 1023 pro
887 944 976 1001 certa
991 937 1202 1023 pecuniarum
1217 957 1343 1001 summa

146 1043 228 1107 scitu
257 1041 395 1128 praelati
426 1041 546 1106 domini
576 1040 714 1107 doctoris
745 1040 968 1125 Maximiliani,
1000 1044 1054 1127 qui
1087 1043 1184 1107 etiam
1214 1063 1343 1106 mecum

147 1145 337 1233 fidejubere,
360 1155 397 1211 ut
417 1149 608 1233 promiserat
630 1148 814 1233 paternitati
836 1169 867 1211 v.
884 1170 922 1231 r.,
946 1168 1004 1233 pro
1028 1155 1118 1212 certa
1131 1148 1343 1233 pecuniarum

148 1273 273 1315 summa
303 1261 435 1337 paratus
465 1252 700 1336 inveniebatur,
733 1254 863 1317 extraxi
894 1261 927 1317 et
956 1254 989 1316 in
1019 1250 1184 1338 pubhcam
1206 1252 1343 1316 formam

147 1354 250 1441 redigi
280 1365 312 1421 et
341 1379 440 1421 manu
469 1365 502 1421 et
524 1358 615 1443 signo
638 1356 717 1422 dicti
741 1356 892 1422 Iohannis
915 1358 1030 1422 notarii
1052 1358 1170 1421 muniri
1193 1377 1343 1442 procura·

148 1460 223 1525 bam
252 1459 397 1547 nihilque
427 1460 579 1544 restabat,
610 1464 672 1527 nisi
702 1470 738 1527 ut
765 1461 892 1527 htterae
921 1460 1115 1548 apostolicae
1145 1462 1178 1525 in
1201 1460 1342 1525 bancum

149 1563 321 1651 expeditae
353 1564 559 1631 traderentur
593 1576 626 1631 et
658 1565 826 1632 bancharii
858 1568 920 1631 nisi
950 1565 991 1631 de
1021 1567 1160 1651 pecunia
1188 1567 1344 1652 promissa

148 1668 391 1756 responderent,
416 1669 554 1736 eandem
570 1693 648 1736 vero
663 1680 773 1736 vester
788 1670 1060 1754 Froschelmoser,
1083 1679 1243 1735 mercator
1257 1669 1343 1736 Sala

147 1773 328 1860 burgensis,
352 1796 426 1840 cum
450 1797 507 1840 suo
529 1778 685 1841 interesse
707 1774 912 1841 rehabiturus
935 1775 1131 1841 bancharius
1155 1795 1283 1862 quoque
1299 1773 1342 1839 ad

147 1880 252 1965 ipsum
279 1878 384 1944 bullas
407 1880 599 1966 apostohcas
622 1880 811 1946 ordinasset.
857 1881 950 1945 Haec
973 1879 1051 1945 dum
1074 1902 1094 1944 a
1116 1878 1209 1944 nobis
1231 1878 1343 1966 perfici

148 1993 349 2067 curarentur,
372 1988 462 2050 venit
482 1985 630 2051 inhibitio
653 1987 857 2072 paternitatis
880 2008 912 2050 v.
936 2008 973 2070 r.,
1002 2006 1100 2071 quam
1123 1984 1229 2049 eidem
1250 1983 1344 2049 latori

148 2110 221 2153 cum
255 2090 467 2155 instrumento
502 2090 545 2155 ad
580 2090 789 2176 obligandum
822 2090 968 2176 praefato
998 2092 1096 2155 etiam
1127 2088 1269 2169 exhibui,
1301 2111 1344 2153 ex

149 2191 276 2257 bancho
305 2204 532 2280 recuperatum
563 2197 596 2259 in
618 2198 876 2282 praesentiarum
898 2204 1006 2260 mente
1029 2204 1063 2259 et
1084 2196 1191 2259 anima
1214 2194 1344 2259 mutatis

147 2299 271 2383 accepi.
315 2297 359 2363 Et
387 2301 503 2364 iterum
533 2322 591 2386 pro
622 2298 829 2386 expediendo
856 2299 950 2365 brevi
978 2307 1011 2364 et
1032 2298 1145 2364 litteris
1167 2296 1344 2363 sollicitabo

147 2401 342 2488 addamque,
373 2412 409 2468 ut
437 2403 541 2470 abbas
569 2404 678 2469 futuro
707 2414 863 2492 perpetuo
894 2413 1038 2491 tempore
1066 2403 1344 2468 confirmationem

148 2506 190 2572 ab
212 2506 334 2572 abbate
357 2506 610 2594 Campililiorum
633 2520 742 2575 vestro
765 2511 958 2574 monasterio
980 2509 1086 2573 vicino
1109 2511 1254 2594 recipere
1274 2529 1344 2593 pos-

148 2614 188 2677 sit
218 2610 321 2677 soluta
352 2616 563 2698 pecuniarum
594 2636 719 2680 summa
749 2617 809 2702 ipsi
832 2613 944 2680 abbati
967 2636 1115 2679 camerae
1138 2623 1247 2679 tamen
1270 2634 1343 2699 apo·

149 2717 279 2782 stohcae
310 2717 514 2804 applicanda,
538 2742 621 2805 quae
645 2720 737 2785 solita
759 2720 820 2786 fuit
841 2719 922 2785 solvi
944 2742 1003 2806 pro
1026 2718 1208 2784 huiusmodi
1231 2719 1344 2784 confir·

149 2824 289 2888 mationa
319 2822 489 2907 ordinarie,
521 2833 553 2889 et
583 2826 610 2889 si
640 2824 804 2890 banohum
832 2826 863 2889 in
887 2846 927 2890 ea
949 2827 1118 2910 reperiam,
1143 2823 1343 2911 depositione

149 2926 242 2994 brevi
272 2929 306 2992 in
335 2927 568 3015 Salzeburgam
598 2929 755 2995 eiusmodi
784 2929 907 2995 litteras
936 2927 1102 2994 ordinabo.
1149 2929 1206 2995 Sin
1235 2938 1344 2994 autem

149 3041 282 3119 propter
318 3032 500 3099 absentiam
538 3032 657 3099 domini
696 3033 834 3099 doctoris
867 3033 1081 3099 Maximiliani
1116 3043 1148 3098 et
1181 3032 1343 3098 defectum

149 3137 373 3203 fideiussorum
403 3137 513 3204 induci
543 3137 586 3203 ad
613 3138 808 3204 mutuandas
838 3140 995 3224 pecunias
1028 3136 1071 3203 ad
1105 3136 1345 3224 expeditionem

149 3244 367 3308 necessariam
397 3265 462 3308 non
492 3245 619 3330 poterit,
650 3242 778 3309 curabit
807 3252 916 3308 vestra
945 3267 971 3308 r.
995 3264 1026 3329 p.
1055 3244 1088 3307 in
1119 3252 1263 3328 tempore
1285 3264 1346 3329 per

149 3347 292 3413 medium
321 3357 466 3412 vestrum
489 3348 752 3413 Frosohelmoser
781 3358 837 3413 aut
866 3347 963 3413 alium
991 3350 1024 3412 in
1049 3346 1175 3412 Urbem
1204 3346 1345 3412 ordinari

148 3450 267 3516 similes
291 3454 455 3538 pecunias.
490 3451 623 3518 Obtinui
646 3476 705 3540 pro
728 3452 884 3518 coenobio
907 3452 1126 3535 Gemnicensi,
1150 3460 1186 3516 ut
1208 3461 1346 3537 quatuor

149 3557 305 3623 ecclesias
337 3558 382 3621 eis
413 3558 633 3642 incorporatus
663 3580 723 3644 per
752 3556 961 3645 presbyteros
991 3556 1170 3622 adnutum
1193 3558 1346 3622 ammovi-

150 3662 254 3728 biles·
277 3663 441 3747 perpetuis
463 3661 579 3727 futuris
601 3663 799 3749 temporibus
821 3685 937 3749 regere
956 3665 1088 3749 possint,
1111 3661 1187 3727 licet
1201 3661 1345 3727 datarius

149 3765 416 3853 supplicationem
445 3789 504 3853 pro
535 3769 763 3854 compositione
790 3770 937 3843 retineat,
962 3788 1034 3831 eam
1057 3776 1165 3830 tamen
1188 3764 1345 3831 redeunte

150 3869 278 3936 domino
300 3869 491 3936 Bernhardo
514 3870 556 3936 de
578 3871 735 3957 Polheym
758 3894 801 3936 ex
815 3870 952 3956 Neapoli
975 3871 1103 3934 omniuo
1126 3868 1265 3934 habebo.
1289 3868 1345 3934 Ad

150 3998 222 4041 eam
251 3973 485 4060 indulgentiam
515 3978 541 4040 si
571 3975 730 4062 placuerit
759 3998 815 4041 eas
844 3974 968 4061 haberi,
1002 3978 1124 4062 pariter
1157 3973 1346 4039 ordinabitis

150 4082 315 4167 pecunias.
361 4080 477 4146 Habeo
508 4081 639 4147 modum
670 4080 867 4169 expediendi
901 4091 934 4146 et
967 4089 1136 4167 praeterea
1168 4082 1345 4165 paternitas

151 4209 179 4252 v.
203 4209 230 4252 r.
254 4187 438 4251 citationem
468 4207 567 4273 super
597 4185 795 4272 parochiali*
826 4185 965 4251 ecclesia
995 4187 1028 4250 in
1051 4184 1203 4271 Meisling
1226 4186 1345 4272 exequi

151 4299 311 4376 procuret,
334 4312 411 4355 nam
434 4293 562 4357 omnino
585 4293 690 4377 ipsam
712 4289 885 4356 ecclesiam
908 4292 1058 4355 evincere
1082 4288 1230 4354 studebo.
1269 4290 1344 4354 Pos-

153 4394 234 4460 sedit
256 4397 342 4460 enim
357 4397 512 4481 magister
528 4394 744 4463 Colomannus
758 4395 898 4483 Hymler
912 4394 1152 4481 parochialem·
1175 4393 1346 4459 ecclesiam

152 4501 184 4565 in
205 4499 415 4566 Haderstorff
439 4523 513 4566 cum
541 4503 612 4588 ipsa
635 4503 668 4566 in
690 4500 843 4586 Meisling
864 4499 989 4586 absque
1012 4499 1250 4586 dispensatione
1271 4521 1345 4586 apo·

154 4604 272 4685 stolica,
302 4603 343 4668 de
367 4627 430 4691 quo
453 4607 650 4670 certissimus
673 4628 752 4670 sum.
799 4605 887 4670 Misit
910 4606 995 4669 enim
1018 4604 1060 4669 ad
1083 4627 1136 4669 me
1158 4626 1217 4690 pro
1239 4603 1345 4668 huius·

154 4708 237 4773 modi
262 4708 501 4795 dispensatione
524 4710 738 4795 impetranda.
776 4710 850 4775 Non
871 4708 1008 4797 impedit
1030 4710 1253 4773 executionem
1270 4710 1344 4777 cita-
