<?xml version="1.0" encoding="UTF-8"?>
<!DOCTYPE html PUBLIC "-//W3C//DTD XHTML 1.0 Transitional//EN"
    "http://www.w3.org/TR/xhtml1/DTD/xhtml1-transitional.dtd">
<html xmlns="http://www.w3.org/1999/xhtml" xml:lang="en" lang="en">
 <head>
  <title>
</title>
<meta http-equiv="Content-Type" content="text/html;charset=utf-8" />
  <meta name='ocr-system' content='tesseract 3.04.00' />
  <meta name='ocr-capabilities' content='ocr_page ocr_carea ocr_par ocr_line ocrx_word'/>
</head>
<body>
  <div class='ocr_page' id='page_1' title='image "./fontesrerumaust13unkngoog_0161.png"; bbox 0 0 3388 5302; ppageno 0'>
   <div class='ocr_carea' id='block_1_1' title="bbox 1290 430 1353 494">
    <p class='ocr_par' dir='ltr' id='par_1_1' title="bbox 1290 430 1353 494">
     <span class='ocr_line' id='line_1_1' title="bbox 1290 430 1353 494; baseline 0 0"><span class='ocrx_word' id='word_1_1' title='bbox 1290 430 1353 494; x_wconf 85' lang='lat'>145</span> 
     </span>
    </p>
   </div>
   <div class='ocr_carea' id='block_1_2' title="bbox 155 608 1358 4578">
    <p class='ocr_par' dir='ltr' id='par_1_2' title="bbox 155 608 1358 4578">
     <span class='ocr_line' id='line_1_2' title="bbox 156 608 1352 709; baseline 0.001 -25"><span class='ocrx_word' id='word_1_2' title='bbox 156 608 357 685; x_wconf 82' lang='lat' dir='ltr'>sanctissimo</span> <span class='ocrx_word' id='word_1_3' title='bbox 386 619 515 685; x_wconf 93' lang='lat' dir='ltr'>domino</span> <span class='ocrx_word' id='word_1_4' title='bbox 537 618 649 685; x_wconf 75' lang='lat' dir='ltr'>nostro&#39;</span> <span class='ocrx_word' id='word_1_5' title='bbox 669 641 793 686; x_wconf 91' lang='lat' dir='ltr'>summo</span> <span class='ocrx_word' id='word_1_6' title='bbox 817 622 959 707; x_wconf 90' lang='lat' dir='ltr'>pontifici</span> <span class='ocrx_word' id='word_1_7' title='bbox 983 620 1092 687; x_wconf 88' lang='lat' dir='ltr'>debito</span> <span class='ocrx_word' id='word_1_8' title='bbox 1114 628 1261 708; x_wconf 89' lang='lat' dir='ltr'>tempore</span> <span class='ocrx_word' id='word_1_9' title='bbox 1283 644 1352 709; x_wconf 89' lang='lat' dir='ltr'>pre·</span> 
     </span>
     <span class='ocr_line' id='line_1_3' title="bbox 155 724 1353 792; baseline 0.001 -3"><span class='ocrx_word' id='word_1_10' title='bbox 155 726 277 789; x_wconf 89' lang='lat' dir='ltr'>sentari</span> <span class='ocrx_word' id='word_1_11' title='bbox 306 724 479 790; x_wconf 75' lang='lat' dir='ltr'>fecerimus</span> <span class='ocrx_word' id='word_1_12' title='bbox 508 734 540 789; x_wconf 92' lang='lat' dir='ltr'>et</span> <span class='ocrx_word' id='word_1_13' title='bbox 563 724 700 790; x_wconf 88' lang='lat' dir='ltr'>eandem</span> <span class='ocrx_word' id='word_1_14' title='bbox 725 724 921 791; x_wconf 81' lang='lat' dir='ltr'>eleccionem</span> <span class='ocrx_word' id='word_1_15' title='bbox 943 728 976 791; x_wconf 92' lang='lat' dir='ltr'>in</span> <span class='ocrx_word' id='word_1_16' title='bbox 998 726 1104 791; x_wconf 86' lang='lat' dir='ltr'>forma</span> <span class='ocrx_word' id='word_1_17' title='bbox 1125 726 1218 792; x_wconf 88' lang='lat' dir='ltr'>solita</span> <span class='ocrx_word' id='word_1_18' title='bbox 1240 725 1353 791; x_wconf 87' lang='lat' dir='ltr'>confir-</span> 
     </span>
     <span class='ocr_line' id='line_1_4' title="bbox 156 828 1354 915; baseline 0.003 -22"><span class='ocrx_word' id='word_1_19' title='bbox 156 829 238 893; x_wconf 88' lang='lat' dir='ltr'>mari</span> <span class='ocrx_word' id='word_1_20' title='bbox 268 850 343 894; x_wconf 91' lang='lat' dir='ltr'>eum</span> <span class='ocrx_word' id='word_1_21' title='bbox 372 831 529 895; x_wconf 74' lang='lat' dir='ltr'>instancia</span> <span class='ocrx_word' id='word_1_22' title='bbox 559 828 830 915; x_wconf 81' lang='lat' dir='ltr'>postulaverimus</span> <span class='ocrx_word' id='word_1_23' title='bbox 860 852 900 895; x_wconf 91' lang='lat' dir='ltr'>ac</span> <span class='ocrx_word' id='word_1_24' title='bbox 931 832 1085 896; x_wconf 71' lang='lat' dir='ltr'>sanctitas</span> <span class='ocrx_word' id='word_1_25' title='bbox 1115 852 1175 896; x_wconf 89' lang='lat' dir='ltr'>sua</span> <span class='ocrx_word' id='word_1_26' title='bbox 1204 839 1354 896; x_wconf 82' lang='lat' dir='ltr'>oretenus</span> 
     </span>
     <span class='ocr_line' id='line_1_5' title="bbox 157 932 1353 1019; baseline 0.002 -22"><span class='ocrx_word' id='word_1_27' title='bbox 157 932 281 998; x_wconf 90' lang='lat' dir='ltr'>eisdem</span> <span class='ocrx_word' id='word_1_28' title='bbox 310 934 489 1000; x_wconf 88' lang='lat' dir='ltr'>oratoribus</span> <span class='ocrx_word' id='word_1_29' title='bbox 520 943 552 999; x_wconf 91' lang='lat' dir='ltr'>et</span> <span class='ocrx_word' id='word_1_30' title='bbox 581 932 845 1019; x_wconf 87' lang='lat' dir='ltr'>procuratoribus</span> <span class='ocrx_word' id='word_1_31' title='bbox 873 936 989 1000; x_wconf 90' lang='lat' dir='ltr'>nostris</span> <span class='ocrx_word' id='word_1_32' title='bbox 1012 936 1087 1001; x_wconf 85' lang='lat' dir='ltr'>vive</span> <span class='ocrx_word' id='word_1_33' title='bbox 1109 936 1199 1001; x_wconf 86' lang='lat' dir='ltr'>vocis</span> <span class='ocrx_word' id='word_1_34' title='bbox 1222 934 1353 1001; x_wconf 88' lang='lat' dir='ltr'>oraculo</span> 
     </span>
     <span class='ocr_line' id='line_1_6' title="bbox 157 1037 1355 1126; baseline 0.001 -23"><span class='ocrx_word' id='word_1_35' title='bbox 157 1037 360 1123; x_wconf 88' lang='lat' dir='ltr'>responderit</span> <span class='ocrx_word' id='word_1_36' title='bbox 380 1040 570 1104; x_wconf 90' lang='lat' dir='ltr'>intencionis</span> <span class='ocrx_word' id='word_1_37' title='bbox 592 1059 650 1103; x_wconf 87' lang='lat' dir='ltr'>sue</span> <span class='ocrx_word' id='word_1_38' title='bbox 673 1060 734 1103; x_wconf 92' lang='lat' dir='ltr'>nec</span> <span class='ocrx_word' id='word_1_39' title='bbox 757 1037 855 1102; x_wconf 86' lang='lat' dir='ltr'>fuisse</span> <span class='ocrx_word' id='word_1_40' title='bbox 878 1061 941 1104; x_wconf 90' lang='lat' dir='ltr'>nec</span> <span class='ocrx_word' id='word_1_41' title='bbox 963 1060 1034 1104; x_wconf 88' lang='lat' dir='ltr'>esse</span> <span class='ocrx_word' id='word_1_42' title='bbox 1050 1039 1228 1126; x_wconf 87' lang='lat' dir='ltr'>quidquam</span> <span class='ocrx_word' id='word_1_43' title='bbox 1243 1049 1355 1105; x_wconf 89' lang='lat' dir='ltr'>contra</span> 
     </span>
     <span class='ocr_line' id='line_1_7' title="bbox 158 1141 1355 1230; baseline 0.002 -23"><span class='ocrx_word' id='word_1_44' title='bbox 158 1152 361 1228; x_wconf 87' lang='lat' dir='ltr'>compactata</span> <span class='ocrx_word' id='word_1_45' title='bbox 391 1141 539 1229; x_wconf 90' lang='lat' dir='ltr'>predicta</span> <span class='ocrx_word' id='word_1_46' title='bbox 568 1143 639 1208; x_wconf 88' lang='lat' dir='ltr'>fieri</span> <span class='ocrx_word' id='word_1_47' title='bbox 669 1141 802 1225; x_wconf 89' lang='lat' dir='ltr'>debere,</span> <span class='ocrx_word' id='word_1_48' title='bbox 833 1144 911 1228; x_wconf 92' lang='lat' dir='ltr'>quin</span> <span class='ocrx_word' id='word_1_49' title='bbox 941 1143 1062 1229; x_wconf 69' lang='lat' dir='ltr'>ymmo,</span> <span class='ocrx_word' id='word_1_50' title='bbox 1092 1145 1119 1207; x_wconf 90' lang='lat' dir='ltr'>si</span> <span class='ocrx_word' id='word_1_51' title='bbox 1142 1143 1220 1230; x_wconf 91' lang='lat' dir='ltr'>quid</span> <span class='ocrx_word' id='word_1_52' title='bbox 1243 1152 1355 1209; x_wconf 88' lang='lat' dir='ltr'>contra</span> 
     </span>
     <span class='ocr_line' id='line_1_8' title="bbox 156 1245 1353 1331; baseline 0.002 -20"><span class='ocrx_word' id='word_1_53' title='bbox 156 1255 224 1311; x_wconf 89' lang='lat' dir='ltr'>tam</span> <span class='ocrx_word' id='word_1_54' title='bbox 255 1248 444 1312; x_wconf 89' lang='lat' dir='ltr'>canonicam</span> <span class='ocrx_word' id='word_1_55' title='bbox 475 1256 507 1312; x_wconf 89' lang='lat' dir='ltr'>et</span> <span class='ocrx_word' id='word_1_56' title='bbox 530 1246 726 1312; x_wconf 80' lang='lat' dir='ltr'>ordinariam</span> <span class='ocrx_word' id='word_1_57' title='bbox 749 1245 946 1313; x_wconf 80' lang='lat' dir='ltr'>eleccionem</span> <span class='ocrx_word' id='word_1_58' title='bbox 967 1249 1001 1312; x_wconf 92' lang='lat' dir='ltr'>in</span> <span class='ocrx_word' id='word_1_59' title='bbox 1024 1248 1167 1313; x_wconf 85' lang='lat' dir='ltr'>futurum</span> <span class='ocrx_word' id='word_1_60' title='bbox 1189 1249 1353 1331; x_wconf 90' lang='lat' dir='ltr'>afferetur,</span> 
     </span>
     <span class='ocr_line' id='line_1_9' title="bbox 158 1351 1354 1438; baseline 0 -22"><span class='ocrx_word' id='word_1_61' title='bbox 158 1353 316 1418; x_wconf 88' lang='lat' dir='ltr'>iusticiam</span> <span class='ocrx_word' id='word_1_62' title='bbox 345 1374 416 1418; x_wconf 89' lang='lat' dir='ltr'>sese</span> <span class='ocrx_word' id='word_1_63' title='bbox 446 1351 534 1418; x_wconf 90' lang='lat' dir='ltr'>baud</span> <span class='ocrx_word' id='word_1_64' title='bbox 566 1351 810 1438; x_wconf 86' lang='lat' dir='ltr'>denegaturum,</span> <span class='ocrx_word' id='word_1_65' title='bbox 842 1352 900 1417; x_wconf 89' lang='lat' dir='ltr'>sed</span> <span class='ocrx_word' id='word_1_66' title='bbox 923 1354 1034 1438; x_wconf 90' lang='lat' dir='ltr'>pocius</span> <span class='ocrx_word' id='word_1_67' title='bbox 1057 1352 1354 1418; x_wconf 88' lang='lat' dir='ltr'>administraturum</span> 
     </span>
     <span class='ocr_line' id='line_1_10' title="bbox 157 1455 1354 1543; baseline 0 -22"><span class='ocrx_word' id='word_1_68' title='bbox 157 1479 198 1521; x_wconf 89' lang='lat' dir='ltr'>ac</span> <span class='ocrx_word' id='word_1_69' title='bbox 219 1465 316 1543; x_wconf 87' lang='lat' dir='ltr'>prout</span> <span class='ocrx_word' id='word_1_70' title='bbox 339 1455 380 1522; x_wconf 91' lang='lat' dir='ltr'>de</span> <span class='ocrx_word' id='word_1_71' title='bbox 402 1458 472 1522; x_wconf 91' lang='lat' dir='ltr'>iure</span> <span class='ocrx_word' id='word_1_72' title='bbox 495 1456 630 1522; x_wconf 85' lang='lat' dir='ltr'>deberet</span> <span class='ocrx_word' id='word_1_73' title='bbox 651 1477 890 1542; x_wconf 86' lang='lat' dir='ltr'>processurum,</span> <span class='ocrx_word' id='word_1_74' title='bbox 912 1458 1037 1542; x_wconf 89' lang='lat' dir='ltr'>recepit</span> <span class='ocrx_word' id='word_1_75' title='bbox 1059 1466 1119 1523; x_wconf 89' lang='lat' dir='ltr'>etc.</span> <span class='ocrx_word' id='word_1_76' title='bbox 1152 1457 1224 1523; x_wconf 91' lang='lat' dir='ltr'>Hiis</span> <span class='ocrx_word' id='word_1_77' title='bbox 1245 1466 1354 1522; x_wconf 88' lang='lat' dir='ltr'>tamen</span> 
     </span>
     <span class='ocr_line' id='line_1_11' title="bbox 159 1559 1354 1647; baseline 0 -22"><span class='ocrx_word' id='word_1_78' title='bbox 159 1560 307 1627; x_wconf 89' lang='lat' dir='ltr'>omnibus</span> <span class='ocrx_word' id='word_1_79' title='bbox 336 1583 401 1627; x_wconf 94' lang='lat' dir='ltr'>non</span> <span class='ocrx_word' id='word_1_80' title='bbox 431 1560 633 1627; x_wconf 78' lang='lat' dir='ltr'>obstantibus</span> <span class='ocrx_word' id='word_1_81' title='bbox 663 1562 857 1647; x_wconf 89' lang='lat' dir='ltr'>minimeque</span> <span class='ocrx_word' id='word_1_82' title='bbox 887 1563 1016 1627; x_wconf 90' lang='lat' dir='ltr'>attentis</span> <span class='ocrx_word' id='word_1_83' title='bbox 1047 1570 1080 1626; x_wconf 89' lang='lat' dir='ltr'>et</span> <span class='ocrx_word' id='word_1_84' title='bbox 1108 1563 1141 1626; x_wconf 93' lang='lat' dir='ltr'>in</span> <span class='ocrx_word' id='word_1_85' title='bbox 1168 1583 1233 1627; x_wconf 92' lang='lat' dir='ltr'>non</span> <span class='ocrx_word' id='word_1_86' title='bbox 1255 1559 1354 1627; x_wconf 92' lang='lat' dir='ltr'>modi·</span> 
     </span>
     <span class='ocr_line' id='line_1_12' title="bbox 158 1665 1355 1753; baseline 0 -23"><span class='ocrx_word' id='word_1_87' title='bbox 158 1688 231 1730; x_wconf 91' lang='lat' dir='ltr'>cam</span> <span class='ocrx_word' id='word_1_88' title='bbox 260 1665 415 1732; x_wconf 88' lang='lat' dir='ltr'>lesionem</span> <span class='ocrx_word' id='word_1_89' title='bbox 444 1674 588 1731; x_wconf 88' lang='lat' dir='ltr'>nostram</span> <span class='ocrx_word' id='word_1_90' title='bbox 610 1687 650 1730; x_wconf 91' lang='lat' dir='ltr'>ao</span> <span class='ocrx_word' id='word_1_91' title='bbox 672 1667 790 1730; x_wconf 88' lang='lat' dir='ltr'>iurium</span> <span class='ocrx_word' id='word_1_92' title='bbox 811 1665 938 1753; x_wconf 87' lang='lat' dir='ltr'>prefate</span> <span class='ocrx_word' id='word_1_93' title='bbox 961 1665 1098 1731; x_wconf 89' lang='lat' dir='ltr'>ecclesie</span> <span class='ocrx_word' id='word_1_94' title='bbox 1122 1688 1248 1732; x_wconf 87' lang='lat' dir='ltr'>necnon</span> <span class='ocrx_word' id='word_1_95' title='bbox 1271 1686 1355 1730; x_wconf 90' lang='lat' dir='ltr'>com·</span> 
     </span>
     <span class='ocr_line' id='line_1_13' title="bbox 158 1769 1354 1856; baseline 0 -21"><span class='ocrx_word' id='word_1_96' title='bbox 158 1779 359 1856; x_wconf 88' lang='lat' dir='ltr'>pactatorum</span> <span class='ocrx_word' id='word_1_97' title='bbox 385 1769 568 1836; x_wconf 87' lang='lat' dir='ltr'>huiusmodi</span> <span class='ocrx_word' id='word_1_98' title='bbox 598 1793 638 1836; x_wconf 92' lang='lat' dir='ltr'>ac</span> <span class='ocrx_word' id='word_1_99' title='bbox 668 1773 819 1836; x_wconf 84' lang='lat' dir='ltr'>universe</span> <span class='ocrx_word' id='word_1_100' title='bbox 849 1770 1045 1837; x_wconf 79' lang='lat' dir='ltr'>Germanice</span> <span class='ocrx_word' id='word_1_101' title='bbox 1076 1773 1219 1837; x_wconf 87' lang='lat' dir='ltr'>nacionis</span> <span class='ocrx_word' id='word_1_102' title='bbox 1253 1792 1354 1856; x_wconf 84' lang='lat' dir='ltr'>grave</span> 
     </span>
     <span class='ocr_line' id='line_1_14' title="bbox 158 1873 1354 1961; baseline 0 -21"><span class='ocrx_word' id='word_1_103' title='bbox 158 1873 373 1960; x_wconf 90' lang='lat' dir='ltr'>preiudicium</span> <span class='ocrx_word' id='word_1_104' title='bbox 396 1898 440 1941; x_wconf 88' lang='lat' dir='ltr'>ex</span> <span class='ocrx_word' id='word_1_105' title='bbox 461 1874 641 1941; x_wconf 85' lang='lat' dir='ltr'>venerabili</span> <span class='ocrx_word' id='word_1_106' title='bbox 663 1885 696 1939; x_wconf 89' lang='lat' dir='ltr'>et</span> <span class='ocrx_word' id='word_1_107' title='bbox 718 1876 848 1960; x_wconf 86' lang='lat' dir='ltr'>egregio</span> <span class='ocrx_word' id='word_1_108' title='bbox 868 1876 948 1959; x_wconf 86' lang='lat' dir='ltr'>viro,</span> <span class='ocrx_word' id='word_1_109' title='bbox 972 1873 1100 1941; x_wconf 93' lang='lat' dir='ltr'>domino</span> <span class='ocrx_word' id='word_1_110' title='bbox 1115 1875 1218 1941; x_wconf 92' lang='lat' dir='ltr'>Paulo</span> <span class='ocrx_word' id='word_1_111' title='bbox 1233 1875 1354 1961; x_wconf 90' lang='lat' dir='ltr'>Wann,</span> 
     </span>
     <span class='ocr_line' id='line_1_15' title="bbox 158 1980 1355 2066; baseline -0.001 -21"><span class='ocrx_word' id='word_1_112' title='bbox 158 1981 315 2045; x_wconf 90' lang='lat' dir='ltr'>canonico</span> <span class='ocrx_word' id='word_1_113' title='bbox 337 1980 532 2066; x_wconf 86' lang='lat' dir='ltr'>Pataviensi,</span> <span class='ocrx_word' id='word_1_114' title='bbox 560 1980 722 2045; x_wconf 79' lang='lat' dir='ltr'>confratre</span> <span class='ocrx_word' id='word_1_115' title='bbox 745 1991 871 2046; x_wconf 89' lang='lat' dir='ltr'>oratore</span> <span class='ocrx_word' id='word_1_116' title='bbox 895 1989 928 2046; x_wconf 91' lang='lat' dir='ltr'>et</span> <span class='ocrx_word' id='word_1_117' title='bbox 949 1990 1157 2066; x_wconf 87' lang='lat' dir='ltr'>procuratore</span> <span class='ocrx_word' id='word_1_118' title='bbox 1180 1990 1288 2047; x_wconf 89' lang='lat' dir='ltr'>nostro</span> <span class='ocrx_word' id='word_1_119' title='bbox 1311 2003 1355 2045; x_wconf 86' lang='lat' dir='ltr'>ex</span> 
     </span>
     <span class='ocr_line' id='line_1_16' title="bbox 157 2083 1355 2172; baseline -0.001 -22"><span class='ocrx_word' id='word_1_120' title='bbox 157 2085 239 2150; x_wconf 89' lang='lat' dir='ltr'>urbe</span> <span class='ocrx_word' id='word_1_121' title='bbox 256 2085 402 2151; x_wconf 86' lang='lat' dir='ltr'>Romana</span> <span class='ocrx_word' id='word_1_122' title='bbox 423 2085 571 2151; x_wconf 90' lang='lat' dir='ltr'>redeunti</span> <span class='ocrx_word' id='word_1_123' title='bbox 595 2085 710 2150; x_wconf 90' lang='lat' dir='ltr'>decem</span> <span class='ocrx_word' id='word_1_124' title='bbox 733 2083 847 2149; x_wconf 90' lang='lat' dir='ltr'>diebus</span> <span class='ocrx_word' id='word_1_125' title='bbox 869 2084 1013 2150; x_wconf 90' lang='lat' dir='ltr'>nondum</span> <span class='ocrx_word' id='word_1_126' title='bbox 1037 2083 1155 2172; x_wconf 89' lang='lat' dir='ltr'>elapsis</span> <span class='ocrx_word' id='word_1_127' title='bbox 1172 2108 1246 2151; x_wconf 89' lang='lat' dir='ltr'>cum</span> <span class='ocrx_word' id='word_1_128' title='bbox 1260 2088 1355 2170; x_wconf 84' lang='lat' dir='ltr'>gravi</span> 
     </span>
     <span class='ocr_line' id='line_1_17' title="bbox 158 2189 1353 2276; baseline -0.002 -20"><span class='ocrx_word' id='word_1_129' title='bbox 158 2189 265 2256; x_wconf 89' lang='lat' dir='ltr'>cordis</span> <span class='ocrx_word' id='word_1_130' title='bbox 303 2189 413 2256; x_wconf 90' lang='lat' dir='ltr'>dolore</span> <span class='ocrx_word' id='word_1_131' title='bbox 446 2189 672 2275; x_wconf 85' lang='lat' dir='ltr'>intelleximus,</span> <span class='ocrx_word' id='word_1_132' title='bbox 712 2211 776 2276; x_wconf 92' lang='lat' dir='ltr'>qua</span> <span class='ocrx_word' id='word_1_133' title='bbox 811 2199 921 2255; x_wconf 87' lang='lat' dir='ltr'>tamen</span> <span class='ocrx_word' id='word_1_134' title='bbox 955 2191 1125 2255; x_wconf 88' lang='lat' dir='ltr'>occasione</span> <span class='ocrx_word' id='word_1_135' title='bbox 1158 2193 1353 2275; x_wconf 86' lang='lat' dir='ltr'>ignoramus,</span> 
     </span>
     <span class='ocr_line' id='line_1_18' title="bbox 158 2293 1354 2381; baseline -0.003 -20"><span class='ocrx_word' id='word_1_136' title='bbox 158 2297 363 2361; x_wconf 86' lang='lat' dir='ltr'>sanctitatem</span> <span class='ocrx_word' id='word_1_137' title='bbox 396 2316 488 2360; x_wconf 89' lang='lat' dir='ltr'>suam</span> <span class='ocrx_word' id='word_1_138' title='bbox 523 2294 686 2381; x_wconf 88' lang='lat' dir='ltr'>quendam</span> <span class='ocrx_word' id='word_1_139' title='bbox 719 2293 1027 2360; x_wconf 85' lang='lat' dir='ltr'>reverendissimum</span> <span class='ocrx_word' id='word_1_140' title='bbox 1058 2293 1223 2360; x_wconf 91' lang='lat' dir='ltr'>dominum</span> <span class='ocrx_word' id='word_1_141' title='bbox 1254 2294 1354 2361; x_wconf 82' lang='lat' dir='ltr'>Geor·</span> 
     </span>
     <span class='ocr_line' id='line_1_19' title="bbox 158 2398 1354 2487; baseline -0.001 -21"><span class='ocrx_word' id='word_1_142' title='bbox 158 2402 248 2487; x_wconf 79' lang='lat' dir='ltr'>giam</span> <span class='ocrx_word' id='word_1_143' title='bbox 271 2400 313 2466; x_wconf 91' lang='lat' dir='ltr'>de</span> <span class='ocrx_word' id='word_1_144' title='bbox 335 2398 463 2484; x_wconf 72' lang='lat' dir='ltr'>Hbsler,</span> <span class='ocrx_word' id='word_1_145' title='bbox 485 2399 575 2466; x_wconf 92' lang='lat' dir='ltr'>titulo</span> <span class='ocrx_word' id='word_1_146' title='bbox 598 2410 709 2466; x_wconf 90' lang='lat' dir='ltr'>sancte</span> <span class='ocrx_word' id='word_1_147' title='bbox 731 2399 833 2464; x_wconf 92' lang='lat' dir='ltr'>Lucie</span> <span class='ocrx_word' id='word_1_148' title='bbox 857 2403 891 2465; x_wconf 92' lang='lat' dir='ltr'>in</span> <span class='ocrx_word' id='word_1_149' title='bbox 913 2399 1009 2465; x_wconf 88' lang='lat' dir='ltr'>Silice</span> <span class='ocrx_word' id='word_1_150' title='bbox 1032 2400 1261 2487; x_wconf 83' lang='lat' dir='ltr'>presbyterum</span> <span class='ocrx_word' id='word_1_151' title='bbox 1283 2422 1354 2465; x_wconf 90' lang='lat' dir='ltr'>car·</span> 
     </span>
     <span class='ocr_line' id='line_1_20' title="bbox 159 2503 1355 2591; baseline 0 -22"><span class='ocrx_word' id='word_1_152' title='bbox 159 2503 310 2589; x_wconf 90' lang='lat' dir='ltr'>dinalem,</span> <span class='ocrx_word' id='word_1_153' title='bbox 341 2506 375 2570; x_wconf 92' lang='lat' dir='ltr'>in</span> <span class='ocrx_word' id='word_1_154' title='bbox 405 2506 594 2591; x_wconf 87' lang='lat' dir='ltr'>episcopum</span> <span class='ocrx_word' id='word_1_155' title='bbox 623 2504 666 2570; x_wconf 93' lang='lat' dir='ltr'>ad</span> <span class='ocrx_word' id='word_1_156' title='bbox 697 2503 816 2570; x_wconf 90' lang='lat' dir='ltr'>dictam</span> <span class='ocrx_word' id='word_1_157' title='bbox 839 2503 1010 2569; x_wconf 89' lang='lat' dir='ltr'>ecclesiam</span> <span class='ocrx_word' id='word_1_158' title='bbox 1032 2505 1259 2570; x_wconf 86' lang='lat' dir='ltr'>Pataviensem</span> <span class='ocrx_word' id='word_1_159' title='bbox 1282 2526 1355 2569; x_wconf 93' lang='lat' dir='ltr'>con·</span> 
     </span>
     <span class='ocr_line' id='line_1_21' title="bbox 158 2607 1354 2695; baseline 0 -20"><span class='ocrx_word' id='word_1_160' title='bbox 158 2609 329 2675; x_wconf 82' lang='lat' dir='ltr'>firmaase³</span> <span class='ocrx_word' id='word_1_161' title='bbox 351 2630 409 2674; x_wconf 94' lang='lat' dir='ltr'>seu</span> <span class='ocrx_word' id='word_1_162' title='bbox 432 2608 538 2674; x_wconf 92' lang='lat' dir='ltr'>eidem</span> <span class='ocrx_word' id='word_1_163' title='bbox 560 2608 639 2675; x_wconf 82' lang='lat' dir='ltr'>alias</span> <span class='ocrx_word' id='word_1_164' title='bbox 661 2608 851 2695; x_wconf 90' lang='lat' dir='ltr'>providisse,</span> <span class='ocrx_word' id='word_1_165' title='bbox 875 2607 916 2674; x_wconf 91' lang='lat' dir='ltr'>de</span> <span class='ocrx_word' id='word_1_166' title='bbox 939 2630 1002 2694; x_wconf 92' lang='lat' dir='ltr'>quo</span> <span class='ocrx_word' id='word_1_167' title='bbox 1017 2607 1106 2674; x_wconf 92' lang='lat' dir='ltr'>haud</span> <span class='ocrx_word' id='word_1_168' title='bbox 1122 2631 1237 2695; x_wconf 88' lang='lat' dir='ltr'>parum</span> <span class='ocrx_word' id='word_1_169' title='bbox 1252 2608 1354 2675; x_wconf 90' lang='lat' dir='ltr'>admi·</span> 
     </span>
     <span class='ocr_line' id='line_1_22' title="bbox 159 2711 1355 2801; baseline -0.001 -21"><span class='ocrx_word' id='word_1_170' title='bbox 159 2714 298 2780; x_wconf 87' lang='lat' dir='ltr'>randum</span> <span class='ocrx_word' id='word_1_171' title='bbox 320 2723 369 2781; x_wconf 89' lang='lat' dir='ltr'>est</span> <span class='ocrx_word' id='word_1_172' title='bbox 391 2723 423 2779; x_wconf 89' lang='lat' dir='ltr'>et</span> <span class='ocrx_word' id='word_1_173' title='bbox 445 2736 544 2801; x_wconf 90' lang='lat' dir='ltr'>quam</span> <span class='ocrx_word' id='word_1_174' title='bbox 565 2713 698 2799; x_wconf 85' lang='lat' dir='ltr'>grandis</span> <span class='ocrx_word' id='word_1_175' title='bbox 722 2724 754 2779; x_wconf 90' lang='lat' dir='ltr'>et</span> <span class='ocrx_word' id='word_1_176' title='bbox 776 2712 958 2800; x_wconf 89' lang='lat' dir='ltr'>periculosa</span> <span class='ocrx_word' id='word_1_177' title='bbox 979 2735 1033 2779; x_wconf 87' lang='lat' dir='ltr'>res</span> <span class='ocrx_word' id='word_1_178' title='bbox 1056 2713 1148 2779; x_wconf 91' lang='lat' dir='ltr'>nobis</span> <span class='ocrx_word' id='word_1_179' title='bbox 1172 2723 1204 2780; x_wconf 89' lang='lat' dir='ltr'>et</span> <span class='ocrx_word' id='word_1_180' title='bbox 1219 2711 1355 2779; x_wconf 89' lang='lat' dir='ltr'>ecclesie</span> 
     </span>
     <span class='ocr_line' id='line_1_23' title="bbox 159 2819 1355 2906; baseline -0.001 -22"><span class='ocrx_word' id='word_1_181' title='bbox 159 2819 306 2905; x_wconf 86' lang='lat' dir='ltr'>predicte</span> <span class='ocrx_word' id='word_1_182' title='bbox 337 2821 493 2886; x_wconf 85' lang='lat' dir='ltr'>existeret</span> <span class='ocrx_word' id='word_1_183' title='bbox 521 2828 720 2906; x_wconf 85' lang='lat' dir='ltr'>quantumve</span> <span class='ocrx_word' id='word_1_184' title='bbox 750 2819 950 2902; x_wconf 87' lang='lat' dir='ltr'>scandalum,</span> <span class='ocrx_word' id='word_1_185' title='bbox 981 2820 1008 2884; x_wconf 91' lang='lat' dir='ltr'>si</span> <span class='ocrx_word' id='word_1_186' title='bbox 1038 2841 1103 2906; x_wconf 91' lang='lat' dir='ltr'>quo</span> <span class='ocrx_word' id='word_1_187' title='bbox 1126 2829 1221 2906; x_wconf 88' lang='lat' dir='ltr'>pacto</span> <span class='ocrx_word' id='word_1_188' title='bbox 1244 2841 1355 2906; x_wconf 88' lang='lat' dir='ltr'>supra·</span> 
     </span>
     <span class='ocr_line' id='line_1_24' title="bbox 160 2923 1356 3009; baseline -0.003 -19"><span class='ocrx_word' id='word_1_189' title='bbox 160 2923 247 2990; x_wconf 89' lang='lat' dir='ltr'>dicta</span> <span class='ocrx_word' id='word_1_190' title='bbox 277 2926 460 2990; x_wconf 86' lang='lat' dir='ltr'>executioni</span> <span class='ocrx_word' id='word_1_191' title='bbox 490 2923 720 2989; x_wconf 88' lang='lat' dir='ltr'>demandanda</span> <span class='ocrx_word' id='word_1_192' title='bbox 749 2924 866 3009; x_wconf 87' lang='lat' dir='ltr'>forent,</span> <span class='ocrx_word' id='word_1_193' title='bbox 900 2925 1090 2999; x_wconf 90' lang='lat' dir='ltr'>immineret,</span> <span class='ocrx_word' id='word_1_194' title='bbox 1126 2923 1221 2989; x_wconf 87' lang='lat' dir='ltr'>facile</span> <span class='ocrx_word' id='word_1_195' title='bbox 1255 2925 1356 2989; x_wconf 91' lang='lat' dir='ltr'>consi·</span> 
     </span>
     <span class='ocr_line' id='line_1_25' title="bbox 161 3027 1356 3116; baseline -0.001 -23"><span class='ocrx_word' id='word_1_196' title='bbox 161 3027 303 3113; x_wconf 90' lang='lat' dir='ltr'>deratur,</span> <span class='ocrx_word' id='word_1_197' title='bbox 331 3030 501 3116; x_wconf 89' lang='lat' dir='ltr'>presertim</span> <span class='ocrx_word' id='word_1_198' title='bbox 529 3051 603 3094; x_wconf 90' lang='lat' dir='ltr'>cum</span> <span class='ocrx_word' id='word_1_199' title='bbox 626 3028 774 3114; x_wconf 87' lang='lat' dir='ltr'>predicta</span> <span class='ocrx_word' id='word_1_200' title='bbox 796 3036 999 3114; x_wconf 87' lang='lat' dir='ltr'>compactata</span> <span class='ocrx_word' id='word_1_201' title='bbox 1020 3037 1057 3093; x_wconf 91' lang='lat' dir='ltr'>ut</span> <span class='ocrx_word' id='word_1_202' title='bbox 1078 3027 1256 3115; x_wconf 90' lang='lat' dir='ltr'>predicitur</span> <span class='ocrx_word' id='word_1_203' title='bbox 1277 3029 1356 3092; x_wconf 91' lang='lat' dir='ltr'>inita</span> 
     </span>
     <span class='ocr_line' id='line_1_26' title="bbox 159 3132 1353 3220; baseline 0 -22"><span class='ocrx_word' id='word_1_204' title='bbox 159 3133 245 3200; x_wconf 89' lang='lat' dir='ltr'>facta</span> <span class='ocrx_word' id='word_1_205' title='bbox 276 3132 458 3220; x_wconf 86' lang='lat' dir='ltr'>approbata</span> <span class='ocrx_word' id='word_1_206' title='bbox 487 3155 527 3199; x_wconf 91' lang='lat' dir='ltr'>ac</span> <span class='ocrx_word' id='word_1_207' title='bbox 557 3156 616 3220; x_wconf 91' lang='lat' dir='ltr'>per</span> <span class='ocrx_word' id='word_1_208' title='bbox 642 3132 775 3198; x_wconf 91' lang='lat' dir='ltr'>modum</span> <span class='ocrx_word' id='word_1_209' title='bbox 804 3141 915 3199; x_wconf 90' lang='lat' dir='ltr'>mutue</span> <span class='ocrx_word' id='word_1_210' title='bbox 938 3134 1158 3198; x_wconf 89' lang='lat' dir='ltr'>conventionis</span> <span class='ocrx_word' id='word_1_211' title='bbox 1181 3155 1221 3197; x_wconf 88' lang='lat' dir='ltr'>ac</span> <span class='ocrx_word' id='word_1_212' title='bbox 1244 3133 1353 3198; x_wconf 85' lang='lat' dir='ltr'>statuti</span> 
     </span>
     <span class='ocr_line' id='line_1_27' title="bbox 161 3236 1356 3325; baseline -0.002 -22"><span class='ocrx_word' id='word_1_213' title='bbox 161 3239 351 3304; x_wconf 87' lang='lat' dir='ltr'>confirmata</span> <span class='ocrx_word' id='word_1_214' title='bbox 372 3237 472 3304; x_wconf 90' lang='lat' dir='ltr'>veluti</span> <span class='ocrx_word' id='word_1_215' title='bbox 493 3239 687 3325; x_wconf 89' lang='lat' dir='ltr'>principium</span> <span class='ocrx_word' id='word_1_216' title='bbox 701 3237 828 3303; x_wconf 90' lang='lat' dir='ltr'>illorum</span> <span class='ocrx_word' id='word_1_217' title='bbox 843 3236 991 3322; x_wconf 86' lang='lat' dir='ltr'>ostendit,</span> <span class='ocrx_word' id='word_1_218' title='bbox 1015 3236 1057 3302; x_wconf 92' lang='lat' dir='ltr'>de</span> <span class='ocrx_word' id='word_1_219' title='bbox 1072 3239 1142 3303; x_wconf 90' lang='lat' dir='ltr'>iure</span> <span class='ocrx_word' id='word_1_220' title='bbox 1161 3236 1301 3302; x_wconf 87' lang='lat' dir='ltr'>naturali</span> <span class='ocrx_word' id='word_1_221' title='bbox 1316 3258 1356 3301; x_wconf 90' lang='lat' dir='ltr'>ac</span> 
     </span>
     <span class='ocr_line' id='line_1_28' title="bbox 159 3341 1355 3429; baseline -0.003 -20"><span class='ocrx_word' id='word_1_222' title='bbox 159 3345 312 3428; x_wconf 85' lang='lat' dir='ltr'>gencium</span> <span class='ocrx_word' id='word_1_223' title='bbox 343 3345 492 3427; x_wconf 82' lang='lat' dir='ltr'>existant,</span> <span class='ocrx_word' id='word_1_224' title='bbox 524 3364 587 3429; x_wconf 86' lang='lat' dir='ltr'>que</span> <span class='ocrx_word' id='word_1_225' title='bbox 614 3342 701 3408; x_wconf 92' lang='lat' dir='ltr'>nullo</span> <span class='ocrx_word' id='word_1_226' title='bbox 724 3341 786 3407; x_wconf 86' lang='lat' dir='ltr'>ulio</span> <span class='ocrx_word' id='word_1_227' title='bbox 808 3344 879 3408; x_wconf 89' lang='lat' dir='ltr'>iure</span> <span class='ocrx_word' id='word_1_228' title='bbox 901 3341 968 3407; x_wconf 92' lang='lat' dir='ltr'>tolli</span> <span class='ocrx_word' id='word_1_229' title='bbox 990 3352 1130 3427; x_wconf 89' lang='lat' dir='ltr'>possent,</span> <span class='ocrx_word' id='word_1_230' title='bbox 1154 3343 1355 3407; x_wconf 90' lang='lat' dir='ltr'>constitucio-</span> 
     </span>
     <span class='ocr_line' id='line_1_29' title="bbox 160 3444 1355 3534; baseline -0.003 -21"><span class='ocrx_word' id='word_1_231' title='bbox 160 3470 234 3513; x_wconf 91' lang='lat' dir='ltr'>nem</span> <span class='ocrx_word' id='word_1_232' title='bbox 264 3469 394 3534; x_wconf 89' lang='lat' dir='ltr'>quoque</span> <span class='ocrx_word' id='word_1_233' title='bbox 424 3446 478 3512; x_wconf 87' lang='lat' dir='ltr'>vel</span> <span class='ocrx_word' id='word_1_234' title='bbox 507 3455 662 3525; x_wconf 87' lang='lat' dir='ltr'>statutum</span> <span class='ocrx_word' id='word_1_235' title='bbox 691 3448 725 3511; x_wconf 94' lang='lat' dir='ltr'>in</span> <span class='ocrx_word' id='word_1_236' title='bbox 756 3455 955 3512; x_wconf 90' lang='lat' dir='ltr'>contractum</span> <span class='ocrx_word' id='word_1_237' title='bbox 978 3449 1139 3511; x_wconf 87' lang='lat' dir='ltr'>transiens</span> <span class='ocrx_word' id='word_1_238' title='bbox 1161 3448 1195 3511; x_wconf 91' lang='lat' dir='ltr'>in</span> <span class='ocrx_word' id='word_1_239' title='bbox 1216 3444 1355 3532; x_wconf 89' lang='lat' dir='ltr'>preiudi·</span> 
     </span>
     <span class='ocr_line' id='line_1_30' title="bbox 161 3549 1356 3638; baseline -0.002 -21"><span class='ocrx_word' id='word_1_240' title='bbox 161 3554 246 3618; x_wconf 91' lang='lat' dir='ltr'>cium</span> <span class='ocrx_word' id='word_1_241' title='bbox 269 3573 391 3636; x_wconf 89' lang='lat' dir='ltr'>eorum,</span> <span class='ocrx_word' id='word_1_242' title='bbox 423 3550 540 3638; x_wconf 90' lang='lat' dir='ltr'>quibus</span> <span class='ocrx_word' id='word_1_243' title='bbox 562 3573 622 3637; x_wconf 87' lang='lat' dir='ltr'>per</span> <span class='ocrx_word' id='word_1_244' title='bbox 644 3549 783 3617; x_wconf 89' lang='lat' dir='ltr'>eandem</span> <span class='ocrx_word' id='word_1_245' title='bbox 804 3554 854 3617; x_wconf 87' lang='lat' dir='ltr'>ius</span> <span class='ocrx_word' id='word_1_246' title='bbox 878 3554 1038 3637; x_wconf 90' lang='lat' dir='ltr'>quesitum</span> <span class='ocrx_word' id='word_1_247' title='bbox 1062 3552 1179 3634; x_wconf 90' lang='lat' dir='ltr'>existit,</span> <span class='ocrx_word' id='word_1_248' title='bbox 1203 3550 1270 3616; x_wconf 89' lang='lat' dir='ltr'>tolli</span> <span class='ocrx_word' id='word_1_249' title='bbox 1292 3572 1356 3616; x_wconf 92' lang='lat' dir='ltr'>non</span> 
     </span>
     <span class='ocr_line' id='line_1_31' title="bbox 161 3654 1358 3743; baseline -0.002 -22"><span class='ocrx_word' id='word_1_250' title='bbox 161 3679 256 3743; x_wconf 89' lang='lat' dir='ltr'>posse</span> <span class='ocrx_word' id='word_1_251' title='bbox 271 3656 524 3722; x_wconf 86' lang='lat' dir='ltr'>manifestissimi</span> <span class='ocrx_word' id='word_1_252' title='bbox 546 3657 624 3721; x_wconf 87' lang='lat' dir='ltr'>iuris</span> <span class='ocrx_word' id='word_1_253' title='bbox 640 3664 698 3739; x_wconf 90' lang='lat' dir='ltr'>est,</span> <span class='ocrx_word' id='word_1_254' title='bbox 721 3677 783 3721; x_wconf 91' lang='lat' dir='ltr'>nec</span> <span class='ocrx_word' id='word_1_255' title='bbox 798 3658 848 3721; x_wconf 92' lang='lat' dir='ltr'>ius</span> <span class='ocrx_word' id='word_1_256' title='bbox 864 3678 906 3721; x_wconf 87' lang='lat' dir='ltr'>ex</span> <span class='ocrx_word' id='word_1_257' title='bbox 923 3664 1090 3721; x_wconf 88' lang='lat' dir='ltr'>contractu</span> <span class='ocrx_word' id='word_1_258' title='bbox 1105 3654 1267 3721; x_wconf 89' lang='lat' dir='ltr'>celebrato</span> <span class='ocrx_word' id='word_1_259' title='bbox 1283 3677 1358 3720; x_wconf 91' lang='lat' dir='ltr'>cum</span> 
     </span>
     <span class='ocr_line' id='line_1_32' title="bbox 160 3759 1357 3847; baseline -0.003 -21"><span class='ocrx_word' id='word_1_260' title='bbox 160 3763 308 3846; x_wconf 89' lang='lat' dir='ltr'>principe</span> <span class='ocrx_word' id='word_1_261' title='bbox 338 3762 499 3847; x_wconf 89' lang='lat' dir='ltr'>quesitum</span> <span class='ocrx_word' id='word_1_262' title='bbox 529 3759 658 3826; x_wconf 90' lang='lat' dir='ltr'>subdito</span> <span class='ocrx_word' id='word_1_263' title='bbox 687 3759 729 3825; x_wconf 90' lang='lat' dir='ltr'>ab</span> <span class='ocrx_word' id='word_1_264' title='bbox 762 3782 800 3825; x_wconf 91' lang='lat' dir='ltr'>eo</span> <span class='ocrx_word' id='word_1_265' title='bbox 831 3759 955 3846; x_wconf 90' lang='lat' dir='ltr'>absque</span> <span class='ocrx_word' id='word_1_266' title='bbox 982 3762 1066 3825; x_wconf 88' lang='lat' dir='ltr'>iusta</span> <span class='ocrx_word' id='word_1_267' title='bbox 1095 3782 1196 3826; x_wconf 90' lang='lat' dir='ltr'>causa</span> <span class='ocrx_word' id='word_1_268' title='bbox 1225 3760 1357 3825; x_wconf 87' lang='lat' dir='ltr'>aufferri</span> 
     </span>
     <span class='ocr_line' id='line_1_33' title="bbox 161 3863 1357 3951; baseline -0.001 -22"><span class='ocrx_word' id='word_1_269' title='bbox 161 3864 268 3931; x_wconf 89' lang='lat' dir='ltr'>debet.</span> <span class='ocrx_word' id='word_1_270' title='bbox 314 3864 466 3951; x_wconf 89' lang='lat' dir='ltr'>Denique</span> <span class='ocrx_word' id='word_1_271' title='bbox 500 3864 647 3950; x_wconf 88' lang='lat' dir='ltr'>predicta</span> <span class='ocrx_word' id='word_1_272' title='bbox 682 3873 885 3951; x_wconf 89' lang='lat' dir='ltr'>compactata</span> <span class='ocrx_word' id='word_1_273' title='bbox 918 3866 1070 3929; x_wconf 88' lang='lat' dir='ltr'>irritantis</span> <span class='ocrx_word' id='word_1_274' title='bbox 1109 3863 1232 3929; x_wconf 89' lang='lat' dir='ltr'>decreti</span> <span class='ocrx_word' id='word_1_275' title='bbox 1269 3864 1357 3928; x_wconf 89' lang='lat' dir='ltr'>clara</span> 
     </span>
     <span class='ocr_line' id='line_1_34' title="bbox 161 3970 1357 4056; baseline -0.003 -20"><span class='ocrx_word' id='word_1_276' title='bbox 161 3972 284 4036; x_wconf 87' lang='lat' dir='ltr'>munita</span> <span class='ocrx_word' id='word_1_277' title='bbox 307 3991 346 4035; x_wconf 89' lang='lat' dir='ltr'>ac</span> <span class='ocrx_word' id='word_1_278' title='bbox 368 3970 495 4035; x_wconf 90' lang='lat' dir='ltr'>firmata</span> <span class='ocrx_word' id='word_1_279' title='bbox 518 3971 671 4054; x_wconf 88' lang='lat' dir='ltr'>existunt,</span> <span class='ocrx_word' id='word_1_280' title='bbox 694 3971 877 4056; x_wconf 85' lang='lat' dir='ltr'>quostiam</span> <span class='ocrx_word' id='word_1_281' title='bbox 900 3972 1074 4055; x_wconf 88' lang='lat' dir='ltr'>superioris</span> <span class='ocrx_word' id='word_1_282' title='bbox 1097 3979 1130 4034; x_wconf 92' lang='lat' dir='ltr'>et</span> <span class='ocrx_word' id='word_1_283' title='bbox 1152 3972 1221 4034; x_wconf 92' lang='lat' dir='ltr'>eius</span> <span class='ocrx_word' id='word_1_284' title='bbox 1240 3991 1357 4034; x_wconf 86' lang='lat' dir='ltr'>execu-</span> 
     </span>
     <span class='ocr_line' id='line_1_35' title="bbox 161 4074 1357 4161; baseline 0 -22"><span class='ocrx_word' id='word_1_285' title='bbox 161 4077 237 4141; x_wconf 87' lang='lat' dir='ltr'>toris</span> <span class='ocrx_word' id='word_1_286' title='bbox 268 4096 384 4141; x_wconf 89' lang='lat' dir='ltr'>manus</span> <span class='ocrx_word' id='word_1_287' title='bbox 416 4075 509 4161; x_wconf 83' lang='lat' dir='ltr'>ligari</span> <span class='ocrx_word' id='word_1_288' title='bbox 531 4078 600 4141; x_wconf 90' lang='lat' dir='ltr'>iure</span> <span class='ocrx_word' id='word_1_289' title='bbox 624 4074 761 4139; x_wconf 90' lang='lat' dir='ltr'>consulti</span> <span class='ocrx_word' id='word_1_290' title='bbox 783 4074 916 4140; x_wconf 90' lang='lat' dir='ltr'>tradunt</span> <span class='ocrx_word' id='word_1_291' title='bbox 938 4084 971 4140; x_wconf 90' lang='lat' dir='ltr'>et</span> <span class='ocrx_word' id='word_1_292' title='bbox 992 4075 1068 4140; x_wconf 90' lang='lat' dir='ltr'>lieet</span> <span class='ocrx_word' id='word_1_293' title='bbox 1089 4074 1171 4139; x_wconf 88' lang='lat' dir='ltr'>forte</span> <span class='ocrx_word' id='word_1_294' title='bbox 1195 4075 1357 4139; x_wconf 89' lang='lat' dir='ltr'>serenissi-</span> 
     </span>
     <span class='ocr_line' id='line_1_36' title="bbox 162 4178 1358 4265; baseline -0.002 -20"><span class='ocrx_word' id='word_1_295' title='bbox 162 4202 231 4245; x_wconf 88' lang='lat' dir='ltr'>mus</span> <span class='ocrx_word' id='word_1_296' title='bbox 255 4178 403 4245; x_wconf 89' lang='lat' dir='ltr'>dominus</span> <span class='ocrx_word' id='word_1_297' title='bbox 426 4188 543 4262; x_wconf 89' lang='lat' dir='ltr'>noster,</span> <span class='ocrx_word' id='word_1_298' title='bbox 568 4178 715 4245; x_wconf 91' lang='lat' dir='ltr'>dominus</span> <span class='ocrx_word' id='word_1_299' title='bbox 730 4179 926 4245; x_wconf 84' lang='lat' dir='ltr'>Fredericus</span> <span class='ocrx_word' id='word_1_300' title='bbox 941 4180 1161 4244; x_wconf 90' lang='lat' dir='ltr'>Romanorum</span> <span class='ocrx_word' id='word_1_301' title='bbox 1183 4180 1358 4265; x_wconf 89' lang='lat' dir='ltr'>imperator</span> 
     </span>
     <span class='ocr_line' id='line_1_37' title="bbox 163 4282 1356 4371; baseline -0.003 -21"><span class='ocrx_word' id='word_1_302' title='bbox 163 4306 290 4371; x_wconf 89' lang='lat' dir='ltr'>semper</span> <span class='ocrx_word' id='word_1_303' title='bbox 313 4292 469 4369; x_wconf 83' lang='lat' dir='ltr'>augustus</span> <span class='ocrx_word' id='word_1_304' title='bbox 492 4293 552 4348; x_wconf 88' lang='lat' dir='ltr'>ete.</span> <span class='ocrx_word' id='word_1_305' title='bbox 576 4285 688 4368; x_wconf 84' lang='lat' dir='ltr'>vigore</span> <span class='ocrx_word' id='word_1_306' title='bbox 712 4283 881 4349; x_wconf 88' lang='lat' dir='ltr'>cuiusdam</span> <span class='ocrx_word' id='word_1_307' title='bbox 904 4282 991 4349; x_wconf 90' lang='lat' dir='ltr'>bulle</span> <span class='ocrx_word' id='word_1_308' title='bbox 1014 4283 1076 4348; x_wconf 91' lang='lat' dir='ltr'>sibi</span> <span class='ocrx_word' id='word_1_309' title='bbox 1096 4306 1117 4348; x_wconf 93' lang='lat' dir='ltr'>a</span> <span class='ocrx_word' id='word_1_310' title='bbox 1131 4282 1277 4369; x_wconf 87' lang='lat' dir='ltr'>predicto</span> <span class='ocrx_word' id='word_1_311' title='bbox 1293 4303 1356 4347; x_wconf 93' lang='lat' dir='ltr'>mo·</span> 
     </span>
     <span class='ocr_line' id='line_1_38' title="bbox 163 4386 1357 4473; baseline -0.003 -20"><span class='ocrx_word' id='word_1_312' title='bbox 163 4387 262 4455; x_wconf 88' lang='lat' dir='ltr'>darno</span> <span class='ocrx_word' id='word_1_313' title='bbox 292 4389 493 4454; x_wconf 85' lang='lat' dir='ltr'>sanctissimo</span> <span class='ocrx_word' id='word_1_314' title='bbox 517 4387 646 4454; x_wconf 92' lang='lat' dir='ltr'>domino</span> <span class='ocrx_word' id='word_1_315' title='bbox 668 4398 775 4453; x_wconf 92' lang='lat' dir='ltr'>nostro</span> <span class='ocrx_word' id='word_1_316' title='bbox 798 4409 923 4453; x_wconf 90' lang='lat' dir='ltr'>summo</span> <span class='ocrx_word' id='word_1_317' title='bbox 946 4387 1095 4473; x_wconf 90' lang='lat' dir='ltr'>pontifice</span> <span class='ocrx_word' id='word_1_318' title='bbox 1118 4386 1258 4452; x_wconf 90' lang='lat' dir='ltr'>obmisso</span> <span class='ocrx_word' id='word_1_319' title='bbox 1280 4388 1357 4452; x_wconf 87' lang='lat' dir='ltr'>iuris</span> 
     </span>
     <span class='ocr_line' id='line_1_39' title="bbox 163 4491 1357 4578; baseline -0.004 -18"><span class='ocrx_word' id='word_1_320' title='bbox 163 4494 274 4560; x_wconf 91' lang='lat' dir='ltr'>ordine</span> <span class='ocrx_word' id='word_1_321' title='bbox 298 4502 331 4559; x_wconf 90' lang='lat' dir='ltr'>et</span> <span class='ocrx_word' id='word_1_322' title='bbox 353 4514 418 4558; x_wconf 92' lang='lat' dir='ltr'>non</span> <span class='ocrx_word' id='word_1_323' title='bbox 439 4493 571 4558; x_wconf 85' lang='lat' dir='ltr'>attentis</span> <span class='ocrx_word' id='word_1_324' title='bbox 594 4494 803 4578; x_wconf 88' lang='lat' dir='ltr'>compactatis</span> <span class='ocrx_word' id='word_1_325' title='bbox 825 4491 1008 4557; x_wconf 87' lang='lat' dir='ltr'>huiusmodi</span> <span class='ocrx_word' id='word_1_326' title='bbox 1023 4501 1059 4556; x_wconf 90' lang='lat' dir='ltr'>ut</span> <span class='ocrx_word' id='word_1_327' title='bbox 1073 4491 1190 4558; x_wconf 89' lang='lat' dir='ltr'>dicitnr</span> <span class='ocrx_word' id='word_1_328' title='bbox 1205 4512 1357 4557; x_wconf 92' lang='lat' dir='ltr'>concesse</span> 
     </span>
    </p>
   </div>
   <div class='ocr_carea' id='block_1_3' title="bbox 164 4701 1203 4840">
    <p class='ocr_par' dir='ltr' id='par_1_3' title="bbox 164 4701 1203 4840">
     <span class='ocr_line' id='line_1_40' title="bbox 164 4701 947 4764; baseline 0 -10"><span class='ocrx_word' id='word_1_329' title='bbox 164 4702 245 4759; x_wconf 71' lang='grc'><strong>1982.</strong></span> <span class='ocrx_word' id='word_1_330' title='bbox 266 4701 278 4734; x_wconf 84' lang='lat'>⁸</span> <span class='ocrx_word' id='word_1_331' title='bbox 297 4704 370 4754; x_wconf 83' lang='lat' dir='ltr'>Mon.</span> <span class='ocrx_word' id='word_1_332' title='bbox 384 4703 462 4753; x_wconf 90' lang='lat' dir='ltr'>boica</span> <span class='ocrx_word' id='word_1_333' title='bbox 479 4701 578 4764; x_wconf 78' lang='lat' dir='ltr'>xxxl,</span> <span class='ocrx_word' id='word_1_334' title='bbox 596 4702 631 4763; x_wconf 89' lang='lat'>11,</span> <span class='ocrx_word' id='word_1_335' title='bbox 651 4701 729 4753; x_wconf 72' lang='lat' dir='ltr'>bbdl.</span> <span class='ocrx_word' id='word_1_336' title='bbox 747 4717 787 4752; x_wconf 87' lang='lat' dir='ltr'>nr.</span> <span class='ocrx_word' id='word_1_337' title='bbox 800 4703 947 4755; x_wconf 71' lang='lat' dir='ltr'>ato-248.</span> 
     </span>
     <span class='ocr_line' id='line_1_41' title="bbox 212 4786 1203 4840; baseline -0.007 -2"><span class='ocrx_word' id='word_1_338' title='bbox 212 4795 325 4840; x_wconf 70' lang='lat' dir='ltr'>rentes.</span> <span class='ocrx_word' id='word_1_339' title='bbox 349 4793 380 4837; x_wconf 91' lang='lat'>11.</span> <span class='ocrx_word' id='word_1_340' title='bbox 390 4793 456 4837; x_wconf 75' lang='lat' dir='ltr'>nott.</span> <span class='ocrx_word' id='word_1_341' title='bbox 476 4793 569 4837; x_wconf 73' lang='grc' dir='ltr'>ΒΜΝ.</span> <span class='ocrx_word' id='word_1_342' title='bbox 1169 4786 1203 4837; x_wconf 86' lang='grc'>10</span> 
     </span>
    </p>
   </div>
   <div class='ocr_carea' id='block_1_4' title="bbox 0 0 1707 5302">
    <p class='ocr_par' dir='ltr' id='par_1_4' title="bbox 0 0 1707 5302">
     <span class='ocr_line' id='line_1_42' title="bbox 0 0 1707 5302; baseline 0 0"><span class='ocrx_word' id='word_1_343' title='bbox 0 0 1707 5302; x_wconf 95' lang='lat' dir='ltr'> </span> 
     </span>
    </p>
   </div>
  </div>
 </body>
</html>
