3406 5300
317 398 380 463 368

316 590 559 672 Erforderaisse
591 609 633 653 aa
665 589 725 653 dea
757 590 803 653 tm
835 589 1038 654 kommeaden
1070 587 1198 653 October
1231 590 1267 653 in
1299 589 1382 653 Rom
1414 594 1508 654 stott-

316 694 485 779 fiadendca
507 693 773 776 veteneuaqa
801 694 838 757 iu
867 694 983 759 sciaena
1009 692 1156 759 Proeeasc
1184 693 1245 758 mit
1269 693 1339 758 dem
1360 693 1511 775 Bisctofe

673 795 919 881 omophorus
940 818 1001 863 voa
1021 797 1158 864 Persea.

422 993 504 1060 Orig„
526 995 591 1060 Pap.
622 994 759 1044 Petschaft
776 1009 831 1043 war
848 992 897 1043 aui
913 993 960 1044 der
976 992 1121 1044 Rttclrseite
1139 994 1167 1042 in
1185 992 1288 1043 rothem
1301 992 1416 1043 Wachse
1433 998 1513 1044 untes

317 1081 500 1148 Papierdeelre
518 1097 578 1132 aum
592 1081 765 1132 Verseblusse
783 1080 972 1147 autgedrttckt3
995 1080 1078 1147 Copie
1096 1080 1125 1130 in
1144 1079 1208 1131 Ood.
1220 1081 1273 1131 sat
1290 1079 1378 1145 (rothe
1395 1096 1445 1141 nn,
1462 1096 1512 1130 nn·

318 1168 439 1235 ioliiert).

422 1272 548 1325 Adresse:
579 1272 727 1324 haerendo
741 1275 818 1338 patri
834 1272 936 1324 domim
954 1273 1053 1325 Matbtc
1070 1273 1157 1324 abta&
1174 1275 1322 1324 nwnoeterit
1339 1273 1409 1323 beate
1426 1273 1513 1324 Marte

317 1362 427 1428 uirginis
443 1364 534 1412 moute
556 1359 712 1412 Gotbkmtv
728 1360 828 1413 ordinis
845 1364 927 1412 macti
945 1360 1077 1413 Benedicti
1095 1361 1257 1413 Potentem&
1275 1361 1381 1412 diocesia
1399 1367 1443 1414 ete.

422 1536 584 1600 Premissa
607 1545 668 1600 etc.
707 1532 850 1619 Septima
873 1534 967 1603 huius
990 1535 1148 1621 presentis
1171 1533 1252 1599 lator
1274 1535 1400 1619 Petrus,
1423 1555 1513 1598 reve

319 1637 421 1706 rende
443 1649 546 1725 pater,
570 1639 698 1704 domine
714 1638 947 1723 colendissimo,
970 1639 1092 1705 litteras
1107 1648 1214 1705 vestre
1230 1661 1255 1704 r.
1272 1661 1303 1725 p.
1321 1638 1396 1703 cuni
1412 1640 1514 1703 cuius·

320 1745 396 1810 dam
426 1745 506 1810 civis
529 1743 809 1830 Saltzeburgensis
831 1743 957 1829 Virgilii
989 1743 1250 1810 Froschelmoser
1281 1753 1313 1809 et
1344 1743 1514 1810 nonnullas

321 1852 431 1936 copias
453 1850 642 1936 praesertim
666 1848 836 1914 cuiusdam
859 1850 1023 1914 citacionis
1046 1872 1067 1913 a
1081 1848 1261 1914 reverendo
1276 1858 1368 1935 patre
1384 1848 1513 1913 domino

321 1953 503 2021 Guilbelmo
535 1952 575 2019 de
608 1954 746 2019 Pereriis
780 1953 927 2019 auditore
959 1963 1106 2018 emanata
1142 1963 1173 2018 et
1207 1952 1318 2019 ultima
1352 1954 1426 2018 maii
1456 1975 1515 2039 per

322 2057 464 2125 edictum
492 2057 659 2144 publicum
689 2060 720 2122 in
751 2058 829 2123 locis
859 2057 902 2122 ad
932 2058 993 2123 hoc
1024 2058 1185 2145 deputatis
1215 2067 1352 2123 executa
1387 2080 1515 2144 presen-

321 2166 410 2229 tavit.
456 2163 628 2229 Terminus
659 2161 701 2227 ad
733 2161 987 2249 comparendum
1016 2166 1049 2227 in
1080 2165 1236 2228 citacione
1268 2172 1381 2227 contra
1413 2170 1516 2248 pater·

321 2271 454 2334 nitatem
484 2292 516 2333 v.
539 2291 565 2333 r.
590 2268 722 2334 decreta
751 2268 896 2356 prefixus
927 2277 975 2333 est
1004 2268 1034 2333 L
1062 2266 1188 2333 dierum
1211 2278 1244 2332 et
1266 2265 1354 2332 cadit
1376 2268 1409 2331 in
1430 2269 1516 2352 vige·

323 2375 437 2440 simum
466 2374 571 2439 liuius.
618 2373 685 2440 Sed
712 2375 788 2460 quia
811 2384 926 2439 octava
948 2373 1042 2438 huius
1065 2372 1186 2439 indicte
1208 2372 1339 2437 luerunt
1360 2374 1517 2437 vaeancie

322 2501 425 2566 usque
458 2478 619 2544 kalendas
653 2477 803 2563 octobris,
838 2480 993 2543 terminus
1027 2480 1150 2566 primus
1182 2478 1426 2564 comparieionis
1458 2479 1519 2541 erit

321 2587 426 2672 prima
456 2584 509 2653 die
536 2583 672 2649 iuridiea
695 2583 834 2650 octobris
857 2593 889 2648 ct
911 2593 988 2649 tunc
1011 2581 1215 2649 inchoabitur
1238 2603 1417 2668 processus.
1462 2580 1518 2646 Ad

323 2690 445 2756 dictum
468 2711 612 2754 mensem
636 2688 774 2754 octobris
796 2690 972 2775 paternitas
995 2712 1026 2753 v.
1043 2711 1068 2753 r.
1093 2686 1215 2753 claram
1230 2687 1273 2752 ad
1290 2710 1341 2752 me
1357 2685 1519 2751 ordinabit

323 2797 466 2859 omnium
498 2803 663 2879 gestorum
695 2794 968 2859 informacionem.
1014 2791 1169 2858 Fundant
1202 2814 1238 2857 se
1273 2790 1452 2857 adversarii
1484 2792 1517 2855 in

323 2898 400 2964 bina
422 2900 608 2964 successive
631 2898 718 2965 faeta
740 2900 928 2963 visitacione
951 2899 1035 2962 etin
1060 2898 1165 2984 prima
1186 2897 1412 2984 paternitatem
1435 2918 1466 2960 v.
1491 2918 1517 2959 r.

323 3013 486 3091 repertam
515 3002 613 3070 fuisse
638 3013 670 3068 et
693 3005 874 3068 convictam
898 3002 939 3067 de
962 3001 1066 3067 inutili
1088 3001 1371 3066 administracione
1394 3009 1427 3064 et
1448 3021 1519 3085 pro·

323 3118 436 3194 pterea
465 3110 560 3175 venia
586 3109 685 3195 petita
708 3117 740 3172 et
764 3106 894 3173 obtenta
916 3128 973 3193 spe
996 3105 1229 3171 melioracionis
1252 3107 1319 3170 vite
1343 3126 1386 3170 ex
1408 3104 1519 3189 gracia

324 3215 466 3301 episcopi
496 3215 528 3279 iu
558 3212 719 3278 abbaciali
750 3212 906 3298 dignitate
928 3213 1154 3298 permansisse.
1200 3209 1353 3275 Secunda
1374 3231 1433 3295 per
1456 3210 1519 3296 epi·

324 3341 458 3407 scopum
489 3326 585 3405 cepta
616 3328 648 3383 et
677 3328 790 3405 postea
817 3339 877 3403 per
899 3315 1044 3381 eiusdem
1067 3316 1209 3402 episcopi
1230 3314 1433 3380 Pataviensis
1456 3313 1520 3379 sul-

324 3424 515 3509 fraganeum
545 3425 740 3506 continuata,
771 3424 826 3509 qui
854 3444 914 3486 sua
936 3422 1101 3487 sentencia
1123 3420 1348 3506 paternitatem
1370 3442 1401 3483 v.
1425 3441 1451 3483 r.
1475 3417 1518 3483 ab

324 3527 485 3594 abbaciali
516 3527 671 3612 dignitate
702 3528 855 3591 ammovit
885 3535 946 3591 etc.
984 3526 1056 3591 Hec
1079 3547 1138 3612 per
1160 3524 1363 3589 adversarios
1386 3524 1419 3587 in
1436 3545 1519 3588 com·

327 3634 476 3698 missione
506 3641 639 3697 narrata
662 3631 703 3695 de
726 3633 918 3695 necessitate
941 3653 1000 3717 per
1023 3652 1078 3695 eos
1101 3628 1262 3694 verificari
1285 3626 1414 3692 debent.
1460 3625 1518 3693 Oo-

324 3747 442 3825 gentur
472 3739 579 3823 itaque
610 3759 667 3822 pro
697 3735 923 3801 verificacione
954 3736 1171 3822 expositorum
1202 3756 1331 3798 snorum
1355 3741 1518 3818 suggesto·

325 3865 397 3907 rum
428 3863 552 3907 summo
582 3841 725 3928 pontifici
756 3842 862 3905 omnia
892 3841 976 3905 inter
1005 3861 1063 3904 vos
1093 3848 1166 3904 aeta
1195 3838 1308 3903 saltem
1335 3836 1518 3901 authentice

325 3947 515 4034 producere.
560 3944 723 4011 Producta
753 3947 779 4010 si
809 3945 936 4028 fuerint,
967 3943 1107 4009 fideliter
1136 3942 1315 4008 examinari
1342 3940 1464 4005 curabo
1487 3948 1520 4004 et

326 4053 352 4115 si
387 4072 451 4136 qua
480 4050 607 4135 nullitas
638 4052 834 4136 apparuerit,
865 4049 1093 4115 retractabitur
1126 4069 1235 4113 eorum
1269 4066 1440 4134 processus
1476 4066 1518 4108 ex

326 4178 437 4221 eorum
468 4158 558 4221 actis.
605 4153 762 4221 Ordinem
788 4163 898 4219 tamen
926 4156 973 4218 rei
995 4162 1086 4238 geste
1108 4150 1270 4235 videlicet,
1294 4150 1433 4237 qualiter
1454 4149 1519 4235 epi-

326 4283 443 4347 scopus
476 4262 677 4325 Pataviensis
711 4282 775 4324 non
812 4257 907 4324 modo
943 4257 1105 4341 visitandi,
1139 4256 1198 4321 sed
1231 4254 1387 4321 vescendi
1420 4275 1519 4318 unam

321 4365 544 4454 jtgersuppen
574 4388 610 4429 se
640 4368 673 4429 in
704 4365 933 4429 monasterium
955 4364 1084 4427 invitari
1106 4362 1340 4449 procuraverit,
1363 4358 1520 4423 eiusmodi

326 4472 528 4536 invitacionis
550 4469 671 4534 litteras
695 4468 738 4533 ad
761 4492 813 4533 me
836 4466 996 4533 ordinabit
1010 4477 1120 4533 vestra
1135 4464 1316 4531 reverenda
1331 4465 1518 4551 paternitas,

327 4573 446 4642 deiude
470 4575 587 4661 quibus
609 4574 751 4662 prelatis,
774 4595 837 4660 quo
859 4572 991 4638 tandem
1013 4572 1125 4637 ordine
1147 4571 1326 4637 visitaverit
1349 4579 1380 4634 et
1402 4570 1519 4654 inquo

328 4688 495 4746 contentus
518 4679 614 4744 fuerit
636 4689 668 4743 et
691 4677 768 4765 quid
792 4679 978 4742 visitacione
1000 4700 1021 4742 a
1043 4678 1234 4762 paternitate
1256 4698 1287 4740 v.
1303 4697 1329 4741 r.
1351 4673 1521 4757 exequerit
