<?xml version="1.0" encoding="UTF-8"?>
<!DOCTYPE html PUBLIC "-//W3C//DTD XHTML 1.0 Transitional//EN"
    "http://www.w3.org/TR/xhtml1/DTD/xhtml1-transitional.dtd">
<html xmlns="http://www.w3.org/1999/xhtml" xml:lang="en" lang="en">
 <head>
  <title>
</title>
<meta http-equiv="Content-Type" content="text/html;charset=utf-8" />
  <meta name='ocr-system' content='tesseract 3.04.00' />
  <meta name='ocr-capabilities' content='ocr_page ocr_carea ocr_par ocr_line ocrx_word'/>
</head>
<body>
  <div class='ocr_page' id='page_1' title='image "./fontesrerumaust13unkngoog_0141.png"; bbox 0 0 3388 5302; ppageno 0'>
   <div class='ocr_carea' id='block_1_1' title="bbox 1302 359 1364 425">
    <p class='ocr_par' dir='ltr' id='par_1_1' title="bbox 1302 359 1364 425">
     <span class='ocr_line' id='line_1_1' title="bbox 1302 359 1364 425; baseline 0.065 -4"><span class='ocrx_word' id='word_1_1' title='bbox 1302 359 1364 425; x_wconf 78' lang='lat'><strong>125</strong></span> 
     </span>
    </p>
   </div>
   <div class='ocr_carea' id='block_1_2' title="bbox 170 549 1366 829">
    <p class='ocr_par' dir='ltr' id='par_1_2' title="bbox 170 549 1366 829">
     <span class='ocr_line' id='line_1_2' title="bbox 170 549 1366 639; baseline 0.003 -21"><span class='ocrx_word' id='word_1_2' title='bbox 170 549 304 634; x_wconf 73' lang='lat' dir='ltr'><strong>Uogoro</strong></span> <span class='ocrx_word' id='word_1_3' title='bbox 340 553 397 617; x_wconf 81' lang='lat' dir='ltr'><strong>der</strong></span> <span class='ocrx_word' id='word_1_4' title='bbox 433 554 531 619; x_wconf 75' lang='lat' dir='ltr'><strong>verte</strong></span> <span class='ocrx_word' id='word_1_5' title='bbox 563 553 658 619; x_wconf 68' lang='lat' dir='ltr'><strong>Tacit</strong></span> <span class='ocrx_word' id='word_1_6' title='bbox 694 554 751 619; x_wconf 86' lang='lat' dir='ltr'><strong>der</strong></span> <span class='ocrx_word' id='word_1_7' title='bbox 783 552 964 636; x_wconf 65' lang='lat' dir='ltr'><strong>Embdofte</strong></span> <span class='ocrx_word' id='word_1_8' title='bbox 995 573 1056 619; x_wconf 79' lang='lat' dir='ltr'><strong>ooo</strong></span> <span class='ocrx_word' id='word_1_9' title='bbox 1088 553 1185 619; x_wconf 77' lang='lat' dir='ltr'><strong>idaea</strong></span> <span class='ocrx_word' id='word_1_10' title='bbox 1218 554 1366 639; x_wconf 75' lang='lat' dir='ltr'><strong>bewilliyt</strong></span> 
     </span>
     <span class='ocr_line' id='line_1_3' title="bbox 666 658 869 724; baseline 0 0"><span class='ocrx_word' id='word_1_11' title='bbox 666 658 793 724; x_wconf 76' lang='lat' dir='ltr'><strong>worden</strong></span> <span class='ocrx_word' id='word_1_12' title='bbox 814 660 869 724; x_wconf 79' lang='lat' dir='ltr'><strong>sei.</strong></span> 
     </span>
     <span class='ocr_line' id='line_1_4' title="bbox 274 761 614 829; baseline 0 -16"><span class='ocrx_word' id='word_1_13' title='bbox 274 761 358 829; x_wconf 78' lang='lat' dir='ltr'><strong>copie</strong></span> <span class='ocrx_word' id='word_1_14' title='bbox 375 764 404 813; x_wconf 88' lang='lat' dir='ltr'><strong>in</strong></span> <span class='ocrx_word' id='word_1_15' title='bbox 423 762 523 814; x_wconf 73' lang='lat' dir='ltr'><strong>(toan</strong></span> <span class='ocrx_word' id='word_1_16' title='bbox 541 763 558 813; x_wconf 83' lang='lat' dir='ltr'><strong>f.</strong></span> <span class='ocrx_word' id='word_1_17' title='bbox 572 764 614 814; x_wconf 89' lang='lat'><strong>81.</strong></span> 
     </span>
    </p>
   </div>
   <div class='ocr_carea' id='block_1_3' title="bbox 167 935 1367 3618">
    <p class='ocr_par' dir='ltr' id='par_1_3' title="bbox 167 935 1367 3325">
     <span class='ocr_line' id='line_1_5' title="bbox 272 935 1364 1025; baseline 0.003 -24"><span class='ocrx_word' id='word_1_18' title='bbox 272 935 476 1002; x_wconf 87' lang='lat' dir='ltr'><strong>Reverendis</strong></span> <span class='ocrx_word' id='word_1_19' title='bbox 505 939 538 1002; x_wconf 91' lang='lat' dir='ltr'><strong>in</strong></span> <span class='ocrx_word' id='word_1_20' title='bbox 561 935 688 1002; x_wconf 78' lang='lat' dir='ltr'><strong>Christo</strong></span> <span class='ocrx_word' id='word_1_21' title='bbox 711 936 857 1022; x_wconf 88' lang='lat' dir='ltr'><strong>patribus</strong></span> <span class='ocrx_word' id='word_1_22' title='bbox 881 946 913 1001; x_wconf 88' lang='lat' dir='ltr'><strong>et</strong></span> <span class='ocrx_word' id='word_1_23' title='bbox 936 937 1072 1002; x_wconf 86' lang='lat' dir='ltr'><strong>dominis</strong></span> <span class='ocrx_word' id='word_1_24' title='bbox 1094 937 1225 1025; x_wconf 88' lang='lat' dir='ltr'><strong>prelatis</strong></span> <span class='ocrx_word' id='word_1_25' title='bbox 1248 949 1281 1004; x_wconf 91' lang='lat' dir='ltr'><strong>et</strong></span> <span class='ocrx_word' id='word_1_26' title='bbox 1303 939 1364 1004; x_wconf 92' lang='lat' dir='ltr'><strong>col·</strong></span> 
     </span>
     <span class='ocr_line' id='line_1_6' title="bbox 167 1040 1365 1128; baseline 0.003 -23"><span class='ocrx_word' id='word_1_27' title='bbox 167 1041 260 1127; x_wconf 88' lang='lat' dir='ltr'><strong>legiis</strong></span> <span class='ocrx_word' id='word_1_28' title='bbox 291 1041 538 1128; x_wconf 85' lang='lat' dir='ltr'><strong>quibuscunque</strong></span> <span class='ocrx_word' id='word_1_29' title='bbox 568 1063 628 1127; x_wconf 90' lang='lat' dir='ltr'><strong>per</strong></span> <span class='ocrx_word' id='word_1_30' title='bbox 657 1040 841 1107; x_wconf 87' lang='lat' dir='ltr'><strong>inferiorem</strong></span> <span class='ocrx_word' id='word_1_31' title='bbox 864 1040 1029 1106; x_wconf 87' lang='lat' dir='ltr'><strong>Austriam</strong></span> <span class='ocrx_word' id='word_1_32' title='bbox 1057 1045 1234 1107; x_wconf 88' lang='lat' dir='ltr'><strong>constitutis</strong></span> <span class='ocrx_word' id='word_1_33' title='bbox 1256 1043 1365 1109; x_wconf 89' lang='lat' dir='ltr'><strong>Ludo·</strong></span> 
     </span>
     <span class='ocr_line' id='line_1_7' title="bbox 167 1144 1366 1232; baseline 0.001 -21"><span class='ocrx_word' id='word_1_34' title='bbox 167 1148 261 1211; x_wconf 88' lang='lat' dir='ltr'><strong>uicus</strong></span> <span class='ocrx_word' id='word_1_35' title='bbox 284 1145 337 1210; x_wconf 88' lang='lat' dir='ltr'><strong>dei</strong></span> <span class='ocrx_word' id='word_1_36' title='bbox 359 1147 471 1232; x_wconf 88' lang='lat' dir='ltr'><strong>gracia</strong></span> <span class='ocrx_word' id='word_1_37' title='bbox 493 1145 597 1210; x_wconf 90' lang='lat' dir='ltr'><strong>abbas</strong></span> <span class='ocrx_word' id='word_1_38' title='bbox 620 1145 827 1228; x_wconf 88' lang='lat' dir='ltr'><strong>Mellicensis‚</strong></span> <span class='ocrx_word' id='word_1_39' title='bbox 851 1144 1076 1230; x_wconf 86' lang='lat' dir='ltr'><strong>Sigismundus</strong></span> <span class='ocrx_word' id='word_1_40' title='bbox 1093 1146 1317 1212; x_wconf 80' lang='lat' dir='ltr'><strong>Gemuicensis</strong></span> <span class='ocrx_word' id='word_1_41' title='bbox 1334 1158 1366 1213; x_wconf 88' lang='lat' dir='ltr'><strong>et</strong></span> 
     </span>
     <span class='ocr_line' id='line_1_8' title="bbox 167 1248 1365 1336; baseline -0.001 -19"><span class='ocrx_word' id='word_1_42' title='bbox 167 1251 323 1317; x_wconf 88' lang='lat' dir='ltr'><strong>Nicolaus</strong></span> <span class='ocrx_word' id='word_1_43' title='bbox 345 1248 592 1315; x_wconf 85' lang='lat' dir='ltr'><strong>Maurbacensis</strong></span> <span class='ocrx_word' id='word_1_44' title='bbox 613 1251 736 1336; x_wconf 82' lang='lat' dir='ltr'>priores</span> <span class='ocrx_word' id='word_1_45' title='bbox 760 1252 922 1336; x_wconf 89' lang='lat' dir='ltr'><strong>ceterique</strong></span> <span class='ocrx_word' id='word_1_46' title='bbox 944 1250 1060 1335; x_wconf 88' lang='lat' dir='ltr'><strong>prelati</strong></span> <span class='ocrx_word' id='word_1_47' title='bbox 1082 1252 1115 1314; x_wconf 91' lang='lat' dir='ltr'><strong>iu</strong></span> <span class='ocrx_word' id='word_1_48' title='bbox 1138 1249 1225 1316; x_wconf 90' lang='lat' dir='ltr'><strong>dieta</strong></span> <span class='ocrx_word' id='word_1_49' title='bbox 1240 1254 1365 1318; x_wconf 89' lang='lat' dir='ltr'><strong>noviter</strong></span> 
     </span>
     <span class='ocr_line' id='line_1_9' title="bbox 168 1355 1365 1422; baseline 0.001 -2"><span class='ocrx_word' id='word_1_50' title='bbox 168 1356 280 1421; x_wconf 90' lang='lat' dir='ltr'><strong>habita</strong></span> <span class='ocrx_word' id='word_1_51' title='bbox 303 1355 464 1420; x_wconf 86' lang='lat' dir='ltr'><strong>Wienne¹</strong></span> <span class='ocrx_word' id='word_1_52' title='bbox 495 1357 657 1420; x_wconf 88' lang='lat' dir='ltr'><strong>constituti</strong></span> <span class='ocrx_word' id='word_1_53' title='bbox 687 1357 847 1420; x_wconf 88' lang='lat' dir='ltr'><strong>sinceram</strong></span> <span class='ocrx_word' id='word_1_54' title='bbox 875 1356 1042 1419; x_wconf 85' lang='lat' dir='ltr'><strong>caritatem</strong></span> <span class='ocrx_word' id='word_1_55' title='bbox 1064 1378 1139 1420; x_wconf 91' lang='lat' dir='ltr'><strong>cum</strong></span> <span class='ocrx_word' id='word_1_56' title='bbox 1162 1358 1365 1422; x_wconf 77' lang='lat' dir='ltr'><strong>oracionibus</strong></span> 
     </span>
     <span class='ocr_line' id='line_1_10' title="bbox 168 1458 1365 1547; baseline 0 -21"><span class='ocrx_word' id='word_1_57' title='bbox 168 1463 390 1547; x_wconf 80' lang='lat' dir='ltr'><strong>imprecantur</strong></span> <span class='ocrx_word' id='word_1_58' title='bbox 413 1468 445 1525; x_wconf 90' lang='lat' dir='ltr'><strong>et</strong></span> <span class='ocrx_word' id='word_1_59' title='bbox 467 1458 600 1524; x_wconf 81' lang='lat' dir='ltr'><strong>cuilibet</strong></span> <span class='ocrx_word' id='word_1_60' title='bbox 622 1469 767 1525; x_wconf 90' lang='lat' dir='ltr'><strong>vestrum</strong></span> <span class='ocrx_word' id='word_1_61' title='bbox 788 1462 1001 1543; x_wconf 83' lang='lat' dir='ltr'><strong>innotescunt,</strong></span> <span class='ocrx_word' id='word_1_62' title='bbox 1025 1459 1112 1547; x_wconf 90' lang='lat' dir='ltr'><strong>quod</strong></span> <span class='ocrx_word' id='word_1_63' title='bbox 1127 1482 1186 1546; x_wconf 91' lang='lat' dir='ltr'><strong>pro</strong></span> <span class='ocrx_word' id='word_1_64' title='bbox 1202 1459 1365 1526; x_wconf 84' lang='lat' dir='ltr'><strong>solucione</strong></span> 
     </span>
     <span class='ocr_line' id='line_1_11' title="bbox 169 1563 1365 1652; baseline -0.002 -22"><span class='ocrx_word' id='word_1_65' title='bbox 169 1567 312 1630; x_wconf 78' lang='lat' dir='ltr'><strong>maxime</strong></span> <span class='ocrx_word' id='word_1_66' title='bbox 342 1586 466 1629; x_wconf 90' lang='lat' dir='ltr'><strong>summe</strong></span> <span class='ocrx_word' id='word_1_67' title='bbox 497 1566 531 1629; x_wconf 92' lang='lat' dir='ltr'><strong>in</strong></span> <span class='ocrx_word' id='word_1_68' title='bbox 562 1563 647 1629; x_wconf 85' lang='lat' dir='ltr'><strong>dieta</strong></span> <span class='ocrx_word' id='word_1_69' title='bbox 679 1563 853 1651; x_wconf 83' lang='lat' dir='ltr'><strong>publicata,</strong></span> <span class='ocrx_word' id='word_1_70' title='bbox 884 1586 942 1650; x_wconf 85' lang='lat' dir='ltr'><strong>pro</strong></span> <span class='ocrx_word' id='word_1_71' title='bbox 966 1586 1030 1650; x_wconf 93' lang='lat' dir='ltr'><strong>qua</strong></span> <span class='ocrx_word' id='word_1_72' title='bbox 1052 1567 1149 1629; x_wconf 91' lang='lat' dir='ltr'><strong>etiam</strong></span> <span class='ocrx_word' id='word_1_73' title='bbox 1172 1572 1238 1630; x_wconf 85' lang='lat' dir='ltr'><strong>tota</strong></span> <span class='ocrx_word' id='word_1_74' title='bbox 1260 1567 1365 1652; x_wconf 90' lang='lat' dir='ltr'><strong>patria</strong></span> 
     </span>
     <span class='ocr_line' id='line_1_12' title="bbox 169 1668 1364 1757; baseline 0.002 -24"><span class='ocrx_word' id='word_1_75' title='bbox 169 1670 349 1756; x_wconf 87' lang='lat' dir='ltr'><strong>proscripta</strong></span> <span class='ocrx_word' id='word_1_76' title='bbox 371 1678 467 1734; x_wconf 91' lang='lat' dir='ltr'><strong>estet</strong></span> <span class='ocrx_word' id='word_1_77' title='bbox 482 1671 550 1733; x_wconf 87' lang='lat' dir='ltr'><strong>sine</strong></span> <span class='ocrx_word' id='word_1_78' title='bbox 567 1671 716 1734; x_wconf 83' lang='lat' dir='ltr'><strong>maximis</strong></span> <span class='ocrx_word' id='word_1_79' title='bbox 733 1668 881 1756; x_wconf 80' lang='lat' dir='ltr'><strong>dampnis</strong></span> <span class='ocrx_word' id='word_1_80' title='bbox 898 1668 1016 1733; x_wconf 88' lang='lat' dir='ltr'><strong>soluoio</strong></span> <span class='ocrx_word' id='word_1_81' title='bbox 1032 1668 1155 1733; x_wconf 89' lang='lat' dir='ltr'><strong>differri</strong></span> <span class='ocrx_word' id='word_1_82' title='bbox 1169 1691 1234 1734; x_wconf 92' lang='lat' dir='ltr'><strong>non</strong></span> <span class='ocrx_word' id='word_1_83' title='bbox 1250 1678 1364 1757; x_wconf 86' lang='lat' dir='ltr'><strong>potest,</strong></span> 
     </span>
     <span class='ocr_line' id='line_1_13' title="bbox 169 1771 1365 1860; baseline 0.001 -23"><span class='ocrx_word' id='word_1_84' title='bbox 169 1772 289 1838; x_wconf 91' lang='lat' dir='ltr'><strong>domini</strong></span> <span class='ocrx_word' id='word_1_85' title='bbox 321 1771 457 1838; x_wconf 87' lang='lat' dir='ltr'><strong>barones</strong></span> <span class='ocrx_word' id='word_1_86' title='bbox 488 1784 521 1839; x_wconf 89' lang='lat' dir='ltr'><strong>et</strong></span> <span class='ocrx_word' id='word_1_87' title='bbox 550 1773 703 1838; x_wconf 88' lang='lat' dir='ltr'><strong>militares</strong></span> <span class='ocrx_word' id='word_1_88' title='bbox 734 1782 927 1860; x_wconf 89' lang='lat' dir='ltr'><strong>spontaneos</strong></span> <span class='ocrx_word' id='word_1_89' title='bbox 957 1795 992 1838; x_wconf 87' lang='lat' dir='ltr'><strong>se</strong></span> <span class='ocrx_word' id='word_1_90' title='bbox 1016 1772 1201 1839; x_wconf 87' lang='lat' dir='ltr'><strong>obtulerunt</strong></span> <span class='ocrx_word' id='word_1_91' title='bbox 1222 1773 1264 1838; x_wconf 89' lang='lat' dir='ltr'><strong>ad</strong></span> <span class='ocrx_word' id='word_1_92' title='bbox 1289 1773 1365 1839; x_wconf 90' lang='lat' dir='ltr'><strong>dan·</strong></span> 
     </span>
     <span class='ocr_line' id='line_1_14' title="bbox 169 1877 1366 1964; baseline 0.003 -22"><span class='ocrx_word' id='word_1_93' title='bbox 169 1877 247 1942; x_wconf 90' lang='lat' dir='ltr'><strong>dum</strong></span> <span class='ocrx_word' id='word_1_94' title='bbox 277 1888 426 1964; x_wconf 88' lang='lat' dir='ltr'><strong>quartam</strong></span> <span class='ocrx_word' id='word_1_95' title='bbox 451 1888 578 1964; x_wconf 89' lang='lat' dir='ltr'><strong>partem</strong></span> <span class='ocrx_word' id='word_1_96' title='bbox 601 1881 744 1944; x_wconf 93' lang='lat' dir='ltr'><strong>omnium</strong></span> <span class='ocrx_word' id='word_1_97' title='bbox 766 1887 982 1963; x_wconf 84' lang='lat' dir='ltr'><strong>proventuum</strong></span> <span class='ocrx_word' id='word_1_98' title='bbox 1004 1878 1169 1944; x_wconf 88' lang='lat' dir='ltr'><strong>fructuum</strong></span> <span class='ocrx_word' id='word_1_99' title='bbox 1192 1887 1225 1944; x_wconf 88' lang='lat' dir='ltr'><strong>et</strong></span> <span class='ocrx_word' id='word_1_100' title='bbox 1247 1879 1366 1945; x_wconf 92' lang='lat' dir='ltr'><strong>obven-</strong></span> 
     </span>
     <span class='ocr_line' id='line_1_15' title="bbox 167 1983 1366 2069; baseline 0.002 -22"><span class='ocrx_word' id='word_1_101' title='bbox 167 1985 290 2047; x_wconf 86' lang='lat' dir='ltr'><strong>tionum</strong></span> <span class='ocrx_word' id='word_1_102' title='bbox 320 2004 451 2047; x_wconf 85' lang='lat' dir='ltr'><strong>suorum</strong></span> <span class='ocrx_word' id='word_1_103' title='bbox 481 1986 558 2047; x_wconf 91' lang='lat' dir='ltr'><strong>anni</strong></span> <span class='ocrx_word' id='word_1_104' title='bbox 580 1985 680 2048; x_wconf 88' lang='lat' dir='ltr'><strong>istius.</strong></span> <span class='ocrx_word' id='word_1_105' title='bbox 711 1983 779 2047; x_wconf 89' lang='lat' dir='ltr'><strong>Nos</strong></span> <span class='ocrx_word' id='word_1_106' title='bbox 802 2005 880 2048; x_wconf 86' lang='lat' dir='ltr'><strong>vero</strong></span> <span class='ocrx_word' id='word_1_107' title='bbox 903 1994 974 2069; x_wconf 91' lang='lat' dir='ltr'><strong>post</strong></span> <span class='ocrx_word' id='word_1_108' title='bbox 997 1983 1130 2048; x_wconf 87' lang='lat' dir='ltr'><strong>multam</strong></span> <span class='ocrx_word' id='word_1_109' title='bbox 1152 1986 1366 2049; x_wconf 85' lang='lat' dir='ltr'><strong>resistentiam</strong></span> 
     </span>
     <span class='ocr_line' id='line_1_16' title="bbox 169 2086 1366 2176; baseline 0.003 -25"><span class='ocrx_word' id='word_1_110' title='bbox 169 2096 201 2152; x_wconf 91' lang='lat' dir='ltr'><strong>et</strong></span> <span class='ocrx_word' id='word_1_111' title='bbox 224 2086 431 2171; x_wconf 81' lang='lat' dir='ltr'><strong>allegationes</strong></span> <span class='ocrx_word' id='word_1_112' title='bbox 453 2086 506 2151; x_wconf 91' lang='lat' dir='ltr'><strong>hic</strong></span> <span class='ocrx_word' id='word_1_113' title='bbox 528 2109 593 2153; x_wconf 92' lang='lat' dir='ltr'><strong>non</strong></span> <span class='ocrx_word' id='word_1_114' title='bbox 615 2087 802 2152; x_wconf 87' lang='lat' dir='ltr'><strong>inferendas</strong></span> <span class='ocrx_word' id='word_1_115' title='bbox 824 2086 956 2152; x_wconf 88' lang='lat' dir='ltr'><strong>tandem</strong></span> <span class='ocrx_word' id='word_1_116' title='bbox 980 2109 1148 2171; x_wconf 85' lang='lat' dir='ltr'><strong>summam,</strong></span> <span class='ocrx_word' id='word_1_117' title='bbox 1173 2110 1236 2174; x_wconf 91' lang='lat' dir='ltr'><strong>que</strong></span> <span class='ocrx_word' id='word_1_118' title='bbox 1252 2098 1366 2176; x_wconf 88' lang='lat' dir='ltr'><strong>quarte</strong></span> 
     </span>
     <span class='ocr_line' id='line_1_17' title="bbox 169 2191 1366 2279; baseline 0.002 -22"><span class='ocrx_word' id='word_1_119' title='bbox 169 2194 253 2278; x_wconf 87' lang='lat' dir='ltr'><strong>parti</strong></span> <span class='ocrx_word' id='word_1_120' title='bbox 280 2202 497 2279; x_wconf 87' lang='lat' dir='ltr'><strong>proventuum</strong></span> <span class='ocrx_word' id='word_1_121' title='bbox 520 2193 673 2278; x_wconf 86' lang='lat' dir='ltr'><strong>coequari</strong></span> <span class='ocrx_word' id='word_1_122' title='bbox 695 2191 877 2274; x_wconf 84' lang='lat' dir='ltr'><strong>videbatur,</strong></span> <span class='ocrx_word' id='word_1_123' title='bbox 900 2194 1062 2256; x_wconf 85' lang='lat' dir='ltr'><strong>internos</strong></span> <span class='ocrx_word' id='word_1_124' title='bbox 1086 2191 1296 2259; x_wconf 87' lang='lat' dir='ltr'><strong>dividendam</strong></span> <span class='ocrx_word' id='word_1_125' title='bbox 1318 2216 1366 2258; x_wconf 88' lang='lat' dir='ltr'><strong>as-</strong></span> 
     </span>
     <span class='ocr_line' id='line_1_18' title="bbox 171 2295 1367 2383; baseline 0.002 -23"><span class='ocrx_word' id='word_1_126' title='bbox 171 2298 375 2383; x_wconf 88' lang='lat' dir='ltr'><strong>sumpsimus.</strong></span> <span class='ocrx_word' id='word_1_127' title='bbox 423 2295 534 2377; x_wconf 75' lang='lat' dir='ltr'><strong>Quare</strong></span> <span class='ocrx_word' id='word_1_128' title='bbox 565 2298 769 2383; x_wconf 88' lang='lat' dir='ltr'><strong>congregatis</strong></span> <span class='ocrx_word' id='word_1_129' title='bbox 799 2295 892 2361; x_wconf 91' lang='lat' dir='ltr'><strong>nobis</strong></span> <span class='ocrx_word' id='word_1_130' title='bbox 925 2298 1101 2382; x_wconf 89' lang='lat' dir='ltr'><strong>unicuique</strong></span> <span class='ocrx_word' id='word_1_131' title='bbox 1135 2298 1284 2382; x_wconf 88' lang='lat' dir='ltr'><strong>imposita</strong></span> <span class='ocrx_word' id='word_1_132' title='bbox 1318 2307 1367 2362; x_wconf 88' lang='lat' dir='ltr'><strong>est</strong></span> 
     </span>
     <span class='ocr_line' id='line_1_19' title="bbox 170 2399 1366 2488; baseline -0.001 -21"><span class='ocrx_word' id='word_1_133' title='bbox 170 2424 297 2467; x_wconf 88' lang='lat' dir='ltr'><strong>summa</strong></span> <span class='ocrx_word' id='word_1_134' title='bbox 323 2410 419 2488; x_wconf 89' lang='lat' dir='ltr'><strong>prout</strong></span> <span class='ocrx_word' id='word_1_135' title='bbox 441 2412 533 2466; x_wconf 89' lang='lat' dir='ltr'><strong>sonat</strong></span> <span class='ocrx_word' id='word_1_136' title='bbox 556 2399 672 2466; x_wconf 86' lang='lat' dir='ltr'><strong>cedula</strong></span> <span class='ocrx_word' id='word_1_137' title='bbox 694 2400 899 2485; x_wconf 84' lang='lat' dir='ltr'><strong>singulariter</strong></span> <span class='ocrx_word' id='word_1_138' title='bbox 922 2402 1038 2487; x_wconf 90' lang='lat' dir='ltr'><strong>cuique</strong></span> <span class='ocrx_word' id='word_1_139' title='bbox 1061 2403 1168 2483; x_wconf 87' lang='lat' dir='ltr'><strong>missa,</strong></span> <span class='ocrx_word' id='word_1_140' title='bbox 1192 2404 1282 2466; x_wconf 87' lang='lat' dir='ltr'><strong>cuius</strong></span> <span class='ocrx_word' id='word_1_141' title='bbox 1305 2411 1366 2467; x_wconf 90' lang='lat' dir='ltr'><strong>ter·</strong></span> 
     </span>
     <span class='ocr_line' id='line_1_20' title="bbox 170 2504 1367 2593; baseline -0.001 -23"><span class='ocrx_word' id='word_1_142' title='bbox 170 2509 254 2572; x_wconf 89' lang='lat' dir='ltr'><strong>ciam</strong></span> <span class='ocrx_word' id='word_1_143' title='bbox 284 2516 411 2591; x_wconf 87' lang='lat' dir='ltr'><strong>partem</strong></span> <span class='ocrx_word' id='word_1_144' title='bbox 441 2505 483 2570; x_wconf 89' lang='lat' dir='ltr'><strong>ad</strong></span> <span class='ocrx_word' id='word_1_145' title='bbox 514 2508 663 2593; x_wconf 84' lang='lat' dir='ltr'><strong>proxima</strong></span> <span class='ocrx_word' id='word_1_146' title='bbox 692 2505 776 2570; x_wconf 86' lang='lat' dir='ltr'><strong>festa</strong></span> <span class='ocrx_word' id='word_1_147' title='bbox 807 2504 921 2570; x_wconf 87' lang='lat' dir='ltr'><strong>natalis</strong></span> <span class='ocrx_word' id='word_1_148' title='bbox 953 2505 1072 2570; x_wconf 90' lang='lat' dir='ltr'><strong>domini</strong></span> <span class='ocrx_word' id='word_1_149' title='bbox 1095 2504 1187 2590; x_wconf 81' lang='lat' dir='ltr'><strong>(Dec.</strong></span> <span class='ocrx_word' id='word_1_150' title='bbox 1203 2505 1262 2592; x_wconf 81' lang='lat'><strong>25)</strong></span> <span class='ocrx_word' id='word_1_151' title='bbox 1287 2505 1367 2571; x_wconf 91' lang='lat' dir='ltr'><strong>solvi</strong></span> 
     </span>
     <span class='ocr_line' id='line_1_21' title="bbox 169 2609 1366 2697; baseline 0 -22"><span class='ocrx_word' id='word_1_152' title='bbox 169 2610 330 2696; x_wconf 84' lang='lat' dir='ltr'><strong>oportebit</strong></span> <span class='ocrx_word' id='word_1_153' title='bbox 352 2621 384 2675; x_wconf 88' lang='lat' dir='ltr'><strong>et</strong></span> <span class='ocrx_word' id='word_1_154' title='bbox 405 2609 564 2697; x_wconf 88' lang='lat' dir='ltr'><strong>reliquum</strong></span> <span class='ocrx_word' id='word_1_155' title='bbox 587 2610 630 2674; x_wconf 90' lang='lat' dir='ltr'><strong>ad</strong></span> <span class='ocrx_word' id='word_1_156' title='bbox 647 2610 788 2676; x_wconf 90' lang='lat' dir='ltr'><strong>medium</strong></span> <span class='ocrx_word' id='word_1_157' title='bbox 805 2609 1053 2696; x_wconf 87' lang='lat' dir='ltr'><strong>quadragesime</strong></span> <span class='ocrx_word' id='word_1_158' title='bbox 1068 2610 1171 2693; x_wconf 78' lang='lat'><em>(1479</em></span> <span class='ocrx_word' id='word_1_159' title='bbox 1186 2609 1284 2676; x_wconf 67' lang='lat' dir='ltr'><strong>Moira</strong></span> <span class='ocrx_word' id='word_1_160' title='bbox 1297 2612 1366 2695; x_wconf 82' lang='lat'><em>21),</em></span> 
     </span>
     <span class='ocr_line' id='line_1_22' title="bbox 170 2715 1366 2801; baseline -0.001 -21"><span class='ocrx_word' id='word_1_161' title='bbox 170 2724 201 2780; x_wconf 87' lang='lat' dir='ltr'><strong>et</strong></span> <span class='ocrx_word' id='word_1_162' title='bbox 231 2737 392 2800; x_wconf 84' lang='lat' dir='ltr'><strong>rogamus,</strong></span> <span class='ocrx_word' id='word_1_163' title='bbox 423 2724 459 2780; x_wconf 91' lang='lat' dir='ltr'><strong>ut</strong></span> <span class='ocrx_word' id='word_1_164' title='bbox 487 2717 648 2800; x_wconf 87' lang='lat' dir='ltr'><strong>patienter</strong></span> <span class='ocrx_word' id='word_1_165' title='bbox 674 2715 786 2780; x_wconf 88' lang='lat' dir='ltr'><strong>feratis</strong></span> <span class='ocrx_word' id='word_1_166' title='bbox 815 2737 957 2780; x_wconf 88' lang='lat' dir='ltr'><strong>summas</strong></span> <span class='ocrx_word' id='word_1_167' title='bbox 980 2717 1143 2801; x_wconf 87' lang='lat' dir='ltr'><strong>impositas</strong></span> <span class='ocrx_word' id='word_1_168' title='bbox 1168 2724 1200 2779; x_wconf 91' lang='lat' dir='ltr'><strong>et</strong></span> <span class='ocrx_word' id='word_1_169' title='bbox 1221 2725 1366 2801; x_wconf 91' lang='lat' dir='ltr'><strong>tempore</strong></span> 
     </span>
     <span class='ocr_line' id='line_1_23' title="bbox 169 2818 1366 2907; baseline 0.002 -24"><span class='ocrx_word' id='word_1_170' title='bbox 169 2818 300 2884; x_wconf 83' lang='lat' dir='ltr'><strong>solvatis</strong></span> <span class='ocrx_word' id='word_1_171' title='bbox 331 2822 500 2884; x_wconf 91' lang='lat' dir='ltr'><strong>constituto</strong></span> <span class='ocrx_word' id='word_1_172' title='bbox 523 2819 664 2885; x_wconf 90' lang='lat' dir='ltr'><strong>Wienne</strong></span> <span class='ocrx_word' id='word_1_173' title='bbox 699 2818 828 2885; x_wconf 92' lang='lat' dir='ltr'><strong>domino</strong></span> <span class='ocrx_word' id='word_1_174' title='bbox 858 2822 1020 2907; x_wconf 86' lang='lat' dir='ltr'><strong>preposito</strong></span> <span class='ocrx_word' id='word_1_175' title='bbox 1052 2820 1171 2887; x_wconf 87' lang='lat' dir='ltr'><strong>Sancte</strong></span> <span class='ocrx_word' id='word_1_176' title='bbox 1201 2819 1366 2886; x_wconf 86' lang='lat' dir='ltr'><strong>Dorothee</strong></span> 
     </span>
     <span class='ocr_line' id='line_1_24' title="bbox 170 2923 1366 3011; baseline 0.001 -23"><span class='ocrx_word' id='word_1_177' title='bbox 170 2933 225 2989; x_wconf 85' lang='lat' dir='ltr'><strong>aut</strong></span> <span class='ocrx_word' id='word_1_178' title='bbox 246 2926 345 3010; x_wconf 91' lang='lat' dir='ltr'><strong>priori</strong></span> <span class='ocrx_word' id='word_1_179' title='bbox 367 2923 607 3007; x_wconf 83' lang='lat' dir='ltr'><strong>Maurbacensi‚</strong></span> <span class='ocrx_word' id='word_1_180' title='bbox 631 2926 658 2988; x_wconf 92' lang='lat' dir='ltr'><strong>si</strong></span> <span class='ocrx_word' id='word_1_181' title='bbox 682 2934 713 2989; x_wconf 90' lang='lat' dir='ltr'><strong>et</strong></span> <span class='ocrx_word' id='word_1_182' title='bbox 735 2927 768 2988; x_wconf 95' lang='lat' dir='ltr'><strong>in</strong></span> <span class='ocrx_word' id='word_1_183' title='bbox 791 2932 949 3010; x_wconf 92' lang='lat' dir='ltr'><strong>quantum</strong></span> <span class='ocrx_word' id='word_1_184' title='bbox 972 2946 1086 3010; x_wconf 89' lang='lat' dir='ltr'><strong>pacem</strong></span> <span class='ocrx_word' id='word_1_185' title='bbox 1111 2923 1239 3010; x_wconf 87' lang='lat' dir='ltr'><strong>diligitis</strong></span> <span class='ocrx_word' id='word_1_186' title='bbox 1263 2928 1366 3011; x_wconf 86' lang='lat' dir='ltr'><strong>patrie</strong></span> 
     </span>
     <span class='ocr_line' id='line_1_25' title="bbox 170 3028 1365 3116; baseline 0.001 -23"><span class='ocrx_word' id='word_1_187' title='bbox 170 3039 201 3093; x_wconf 88' lang='lat' dir='ltr'><strong>et</strong></span> <span class='ocrx_word' id='word_1_188' title='bbox 225 3028 368 3116; x_wconf 89' lang='lat' dir='ltr'><strong>dampna</strong></span> <span class='ocrx_word' id='word_1_189' title='bbox 390 3028 535 3094; x_wconf 90' lang='lat' dir='ltr'><strong>eiusdem</strong></span> <span class='ocrx_word' id='word_1_190' title='bbox 559 3038 591 3093; x_wconf 89' lang='lat' dir='ltr'><strong>et</strong></span> <span class='ocrx_word' id='word_1_191' title='bbox 613 3038 724 3093; x_wconf 88' lang='lat' dir='ltr'><strong>vestra</strong></span> <span class='ocrx_word' id='word_1_192' title='bbox 745 3028 910 3093; x_wconf 89' lang='lat' dir='ltr'><strong>volueritis</strong></span> <span class='ocrx_word' id='word_1_193' title='bbox 930 3032 1061 3094; x_wconf 87' lang='lat' dir='ltr'><strong>evitare.</strong></span> <span class='ocrx_word' id='word_1_194' title='bbox 1086 3030 1209 3094; x_wconf 88' lang='lat' dir='ltr'><strong>Datum</strong></span> <span class='ocrx_word' id='word_1_195' title='bbox 1226 3030 1365 3094; x_wconf 90' lang='lat' dir='ltr'><strong>Wienne</strong></span> 
     </span>
     <span class='ocr_line' id='line_1_26' title="bbox 169 3133 1365 3218; baseline 0 -20"><span class='ocrx_word' id='word_1_196' title='bbox 169 3156 253 3199; x_wconf 85' lang='lat' dir='ltr'><strong>anno</strong></span> <span class='ocrx_word' id='word_1_197' title='bbox 286 3133 406 3198; x_wconf 93' lang='lat' dir='ltr'><strong>domini</strong></span> <span class='ocrx_word' id='word_1_198' title='bbox 429 3143 490 3198; x_wconf 90' lang='lat' dir='ltr'><strong>etc.</strong></span> <span class='ocrx_word' id='word_1_199' title='bbox 515 3133 706 3217; x_wconf 83' lang='lat' dir='ltr'>LXXVIII,</span> <span class='ocrx_word' id='word_1_200' title='bbox 738 3142 833 3198; x_wconf 86' lang='lat' dir='ltr'><strong>sexta</strong></span> <span class='ocrx_word' id='word_1_201' title='bbox 861 3134 943 3198; x_wconf 88' lang='lat' dir='ltr'><strong>feria</strong></span> <span class='ocrx_word' id='word_1_202' title='bbox 973 3142 1048 3198; x_wconf 89' lang='lat' dir='ltr'><strong>ante</strong></span> <span class='ocrx_word' id='word_1_203' title='bbox 1071 3133 1205 3199; x_wconf 86' lang='lat' dir='ltr'><strong>Andree</strong></span> <span class='ocrx_word' id='word_1_204' title='bbox 1231 3134 1365 3218; x_wconf 90' lang='lat' dir='ltr'><strong>apostoli</strong></span> 
     </span>
     <span class='ocr_line' id='line_1_27' title="bbox 170 3237 1070 3325; baseline 0 -23"><span class='ocrx_word' id='word_1_205' title='bbox 170 3240 275 3303; x_wconf 87' lang='lat' dir='ltr'><strong>sancti</strong></span> <span class='ocrx_word' id='word_1_206' title='bbox 295 3238 414 3303; x_wconf 88' lang='lat' dir='ltr'><strong>festum</strong></span> <span class='ocrx_word' id='word_1_207' title='bbox 437 3237 618 3325; x_wconf 89' lang='lat' dir='ltr'><strong>aliquorum</strong></span> <span class='ocrx_word' id='word_1_208' title='bbox 641 3247 822 3303; x_wconf 90' lang='lat' dir='ltr'><strong>nostrorum</strong></span> <span class='ocrx_word' id='word_1_209' title='bbox 846 3237 907 3303; x_wconf 91' lang='lat' dir='ltr'><strong>sub</strong></span> <span class='ocrx_word' id='word_1_210' title='bbox 929 3240 1070 3325; x_wconf 87' lang='lat' dir='ltr'><strong>signetis.</strong></span> 
     </span>
    </p>

    <p class='ocr_par' dir='ltr' id='par_1_4' title="bbox 171 3342 1365 3618">
     <span class='ocr_line' id='line_1_28' title="bbox 274 3342 1365 3427; baseline 0.001 -22"><span class='ocrx_word' id='word_1_211' title='bbox 274 3351 422 3407; x_wconf 84' lang='lat' dir='ltr'><strong>Damnter</strong></span> <span class='ocrx_word' id='word_1_212' title='bbox 435 3352 475 3406; x_wconf 88' lang='lat' dir='ltr'><strong>ist</strong></span> <span class='ocrx_word' id='word_1_213' title='bbox 489 3351 647 3408; x_wconf 82' lang='lat' dir='ltr'><strong>vermerkt:</strong></span> <span class='ocrx_word' id='word_1_214' title='bbox 675 3342 796 3408; x_wconf 85' lang='lat' dir='ltr'><strong>Clausa</strong></span> <span class='ocrx_word' id='word_1_215' title='bbox 827 3342 887 3407; x_wconf 89' lang='lat' dir='ltr'><strong>sub</strong></span> <span class='ocrx_word' id='word_1_216' title='bbox 915 3344 1039 3427; x_wconf 87' lang='lat' dir='ltr'><strong>signeto</strong></span> <span class='ocrx_word' id='word_1_217' title='bbox 1067 3345 1210 3407; x_wconf 90' lang='lat' dir='ltr'><strong>mittatur</strong></span> <span class='ocrx_word' id='word_1_218' title='bbox 1232 3342 1365 3406; x_wconf 88' lang='lat' dir='ltr'><strong>ulterius</strong></span> 
     </span>
     <span class='ocr_line' id='line_1_29' title="bbox 171 3446 1365 3533; baseline -0.002 -20"><span class='ocrx_word' id='word_1_219' title='bbox 171 3456 202 3513; x_wconf 89' lang='lat' dir='ltr'><strong>et</strong></span> <span class='ocrx_word' id='word_1_220' title='bbox 222 3448 442 3513; x_wconf 87' lang='lat' dir='ltr'><strong>testimonium</strong></span> <span class='ocrx_word' id='word_1_221' title='bbox 465 3446 561 3512; x_wconf 89' lang='lat' dir='ltr'><strong>detur</strong></span> <span class='ocrx_word' id='word_1_222' title='bbox 582 3449 700 3513; x_wconf 92' lang='lat' dir='ltr'><strong>nuncio</strong></span> <span class='ocrx_word' id='word_1_223' title='bbox 720 3450 752 3512; x_wconf 91' lang='lat' dir='ltr'><strong>in</strong></span> <span class='ocrx_word' id='word_1_224' title='bbox 769 3447 903 3531; x_wconf 84' lang='lat' dir='ltr'><strong>cartula,</strong></span> <span class='ocrx_word' id='word_1_225' title='bbox 928 3469 990 3533; x_wconf 92' lang='lat' dir='ltr'><strong>quo</strong></span> <span class='ocrx_word' id='word_1_226' title='bbox 1006 3447 1059 3512; x_wconf 88' lang='lat' dir='ltr'><strong>die</strong></span> <span class='ocrx_word' id='word_1_227' title='bbox 1074 3446 1244 3512; x_wconf 89' lang='lat' dir='ltr'><strong>vobiscum</strong></span> <span class='ocrx_word' id='word_1_228' title='bbox 1258 3447 1365 3530; x_wconf 83' lang='lat' dir='ltr'><strong>fuerit,</strong></span> 
     </span>
     <span class='ocr_line' id='line_1_30' title="bbox 171 3551 817 3618; baseline 0 -1"><span class='ocrx_word' id='word_1_229' title='bbox 171 3561 205 3617; x_wconf 92' lang='lat' dir='ltr'><strong>ut</strong></span> <span class='ocrx_word' id='word_1_230' title='bbox 227 3553 368 3618; x_wconf 88' lang='lat' dir='ltr'><strong>sciamus</strong></span> <span class='ocrx_word' id='word_1_231' title='bbox 390 3551 539 3617; x_wconf 90' lang='lat' dir='ltr'><strong>omnibus</strong></span> <span class='ocrx_word' id='word_1_232' title='bbox 562 3551 624 3616; x_wconf 90' lang='lat' dir='ltr'><strong>hec</strong></span> <span class='ocrx_word' id='word_1_233' title='bbox 647 3553 817 3617; x_wconf 88' lang='lat' dir='ltr'><strong>insinuata.</strong></span> 
     </span>
    </p>
   </div>
   <div class='ocr_carea' id='block_1_4' title="bbox 173 3655 1366 3847">
    <p class='ocr_par' dir='ltr' id='par_1_5' title="bbox 173 3655 1366 3847">
     <span class='ocr_line' id='line_1_31' title="bbox 274 3655 1366 3743; baseline -0.002 -21"><span class='ocrx_word' id='word_1_234' title='bbox 274 3655 463 3743; x_wconf 80' lang='lat' dir='ltr'><strong>Comparuit</strong></span> <span class='ocrx_word' id='word_1_235' title='bbox 485 3655 572 3721; x_wconf 89' lang='lat' dir='ltr'><strong>idem</strong></span> <span class='ocrx_word' id='word_1_236' title='bbox 596 3658 734 3721; x_wconf 91' lang='lat' dir='ltr'><strong>nuncius</strong></span> <span class='ocrx_word' id='word_1_237' title='bbox 757 3658 790 3720; x_wconf 93' lang='lat' dir='ltr'><strong>in</strong></span> <span class='ocrx_word' id='word_1_238' title='bbox 813 3656 971 3723; x_wconf 79' lang='lat' dir='ltr'><strong>Gottwico</strong></span> <span class='ocrx_word' id='word_1_239' title='bbox 996 3656 1048 3721; x_wconf 90' lang='lat' dir='ltr'><strong>die</strong></span> <span class='ocrx_word' id='word_1_240' title='bbox 1063 3656 1210 3721; x_wconf 86' lang='lat' dir='ltr'><strong>Barbare</strong></span> <span class='ocrx_word' id='word_1_241' title='bbox 1233 3657 1366 3741; x_wconf 88' lang='lat' dir='ltr'><strong>virginis</strong></span> 
     </span>
     <span class='ocr_line' id='line_1_32' title="bbox 173 3760 499 3847; baseline 0.003 -23"><span class='ocrx_word' id='word_1_242' title='bbox 173 3760 212 3825; x_wconf 74' lang='lat'><strong>78</strong></span> <span class='ocrx_word' id='word_1_243' title='bbox 237 3760 339 3847; x_wconf 79' lang='lat'><em>(1478</em></span> <span class='ocrx_word' id='word_1_244' title='bbox 361 3760 436 3828; x_wconf 72' lang='lat' dir='ltr'><strong>Dee.</strong></span> <span class='ocrx_word' id='word_1_245' title='bbox 454 3762 499 3843; x_wconf 80' lang='lat'><strong>4).</strong></span> 
     </span>
    </p>
   </div>
   <div class='ocr_carea' id='block_1_5' title="bbox 214 4006 1322 4079">
    <p class='ocr_par' dir='ltr' id='par_1_6' title="bbox 214 4006 1322 4079">
     <span class='ocr_line' id='line_1_33' title="bbox 214 4006 1322 4079; baseline -0.005 -6"><span class='ocrx_word' id='word_1_246' title='bbox 214 4006 313 4074; x_wconf 86' lang='grc'><strong>1919.</strong></span> <span class='ocrx_word' id='word_1_247' title='bbox 832 4011 914 4069; x_wconf 77' lang='lat'>1478</span> <span class='ocrx_word' id='word_1_248' title='bbox 930 4012 1097 4071; x_wconf 86' lang='lat' dir='ltr'><strong>November</strong></span> <span class='ocrx_word' id='word_1_249' title='bbox 1108 4011 1159 4079; x_wconf 79' lang='grc'><strong>29,</strong></span> <span class='ocrx_word' id='word_1_250' title='bbox 1175 4012 1322 4070; x_wconf 72' lang='lat' dir='ltr'><strong>Mentem.</strong></span> 
     </span>
    </p>
   </div>
   <div class='ocr_carea' id='block_1_6' title="bbox 171 4196 1367 4385">
    <p class='ocr_par' dir='ltr' id='par_1_7' title="bbox 171 4196 1367 4385">
     <span class='ocr_line' id='line_1_34' title="bbox 275 4196 1367 4282; baseline -0.001 -18"><span class='ocrx_word' id='word_1_251' title='bbox 275 4198 371 4282; x_wconf 71' lang='lat' dir='ltr'><strong>Joro&#39;q</strong></span> <span class='ocrx_word' id='word_1_252' title='bbox 393 4198 537 4280; x_wconf 82' lang='lat' dir='ltr'><strong>Tapbort</strong></span> <span class='ocrx_word' id='word_1_253' title='bbox 566 4219 608 4264; x_wconf 75' lang='lat' dir='ltr'><strong>aa</strong></span> <span class='ocrx_word' id='word_1_254' title='bbox 630 4196 840 4277; x_wconf 66' lang='lat' dir='ltr'><strong>Haotabaioa</strong></span> <span class='ocrx_word' id='word_1_255' title='bbox 863 4197 1047 4263; x_wconf 67' lang='lat' dir='ltr'><strong>Kotiaeion</strong></span> <span class='ocrx_word' id='word_1_256' title='bbox 1075 4199 1160 4263; x_wconf 77' lang='lat' dir='ltr'><strong>seirte</strong></span> <span class='ocrx_word' id='word_1_257' title='bbox 1182 4199 1276 4263; x_wconf 82' lang='lat' dir='ltr'><strong>Froa</strong></span> <span class='ocrx_word' id='word_1_258' title='bbox 1298 4199 1367 4263; x_wconf 80' lang='lat' dir='ltr'><strong>aod</strong></span> 
     </span>
     <span class='ocr_line' id='line_1_35' title="bbox 171 4300 1367 4385; baseline -0.001 -16"><span class='ocrx_word' id='word_1_259' title='bbox 171 4303 356 4370; x_wconf 80' lang='lat' dir='ltr'><strong>Katberioo</strong></span> <span class='ocrx_word' id='word_1_260' title='bbox 386 4302 438 4367; x_wconf 81' lang='lat' dir='ltr'><strong>die</strong></span> <span class='ocrx_word' id='word_1_261' title='bbox 460 4302 554 4367; x_wconf 74' lang='lat' dir='ltr'><strong>Fran</strong></span> <span class='ocrx_word' id='word_1_262' title='bbox 583 4304 637 4368; x_wconf 84' lang='lat' dir='ltr'><strong>des</strong></span> <span class='ocrx_word' id='word_1_263' title='bbox 659 4301 871 4384; x_wconf 78' lang='lat' dir='ltr'><strong>Loaofellder</strong></span> <span class='ocrx_word' id='word_1_264' title='bbox 898 4323 940 4367; x_wconf 75' lang='lat' dir='ltr'><strong>aa</strong></span> <span class='ocrx_word' id='word_1_265' title='bbox 962 4300 1119 4385; x_wconf 75' lang='lat' dir='ltr'><strong>Poryora,</strong></span> <span class='ocrx_word' id='word_1_266' title='bbox 1151 4303 1205 4367; x_wconf 87' lang='lat' dir='ltr'><strong>des</strong></span> <span class='ocrx_word' id='word_1_267' title='bbox 1230 4308 1367 4368; x_wconf 61' lang='lat' dir='ltr'><strong>materen</strong></span> 
     </span>
    </p>
   </div>
   <div class='ocr_carea' id='block_1_7' title="bbox 172 4563 1366 4719">
    <p class='ocr_par' dir='ltr' id='par_1_8' title="bbox 172 4563 1366 4719">
     <span class='ocr_line' id='line_1_36' title="bbox 172 4563 1366 4631; baseline -0.003 -14"><span class='ocrx_word' id='word_1_268' title='bbox 172 4563 252 4617; x_wconf 82' lang='grc'><strong>1999.</strong></span> <span class='ocrx_word' id='word_1_269' title='bbox 277 4563 538 4630; x_wconf 80' lang='lat' dir='ltr'><strong>¹Ausgeachrioben</strong></span> <span class='ocrx_word' id='word_1_270' title='bbox 560 4564 610 4615; x_wconf 81' lang='lat' dir='ltr'><strong>auf</strong></span> <span class='ocrx_word' id='word_1_271' title='bbox 629 4564 681 4614; x_wconf 87' lang='lat' dir='ltr'><strong>den</strong></span> <span class='ocrx_word' id='word_1_272' title='bbox 704 4566 746 4614; x_wconf 80' lang='lat'><strong>21.</strong></span> <span class='ocrx_word' id='word_1_273' title='bbox 764 4564 822 4617; x_wconf 85' lang='lat' dir='ltr'><strong>Oct.</strong></span> <span class='ocrx_word' id='word_1_274' title='bbox 843 4565 909 4615; x_wconf 79' lang='lat'>1478</span> <span class='ocrx_word' id='word_1_275' title='bbox 932 4563 1047 4631; x_wconf 76' lang='lat' dir='ltr'><strong>(chmel,</strong></span> <span class='ocrx_word' id='word_1_276' title='bbox 1070 4564 1143 4615; x_wconf 80' lang='lat' dir='ltr'><strong>Mon.</strong></span> <span class='ocrx_word' id='word_1_277' title='bbox 1161 4564 1262 4615; x_wconf 84' lang='lat' dir='ltr'><strong>Habsb.</strong></span> <span class='ocrx_word' id='word_1_278' title='bbox 1286 4567 1308 4624; x_wconf 83' lang='lat'><strong>1,</strong></span> <span class='ocrx_word' id='word_1_279' title='bbox 1331 4563 1366 4628; x_wconf 90' lang='lat'><strong>11,</strong></span> 
     </span>
     <span class='ocr_line' id='line_1_37' title="bbox 173 4648 475 4719; baseline -0.007 -16"><span class='ocrx_word' id='word_1_280' title='bbox 173 4654 222 4704; x_wconf 82' lang='lat' dir='ltr'><strong>cao</strong></span> <span class='ocrx_word' id='word_1_281' title='bbox 240 4668 282 4703; x_wconf 75' lang='lat' dir='ltr'><strong>nr.</strong></span> <span class='ocrx_word' id='word_1_282' title='bbox 294 4653 345 4701; x_wconf 73' lang='lat' dir='ltr'><strong>sav</strong></span> <span class='ocrx_word' id='word_1_283' title='bbox 365 4668 391 4702; x_wconf 80' lang='lat' dir='ltr'><strong>u.</strong></span> <span class='ocrx_word' id='word_1_284' title='bbox 404 4648 475 4719; x_wconf 76' lang='lat' dir='ltr'><strong>ros).</strong></span> 
     </span>
    </p>
   </div>
   <div class='ocr_carea' id='block_1_8' title="bbox 0 0 1704 5302">
    <p class='ocr_par' dir='ltr' id='par_1_9' title="bbox 0 0 1704 5302">
     <span class='ocr_line' id='line_1_38' title="bbox 0 0 1704 5302; baseline 0 0"><span class='ocrx_word' id='word_1_285' title='bbox 0 0 1704 5302; x_wconf 95' lang='lat' dir='ltr'><strong> </strong></span> 
     </span>
    </p>
   </div>
  </div>
 </body>
</html>
