3916 5292
1319 382 1383 448 395

191 571 390 637 Hencnlinus
419 595 509 639 rosor
538 596 718 660 pannomm
748 573 855 640 eidem
885 583 1080 662 conquestus
1110 576 1160 659 sit,
1191 574 1278 663 quod
1301 596 1384 640 uxor

191 698 251 741 sua
280 699 344 742 non
375 678 416 742 sit
437 677 583 745 eiusdem
606 677 682 745 fidei
706 678 828 745 sedicet
850 679 1023 746 christiane
1046 690 1079 745 et
1100 679 1187 767 quod
1210 683 1279 767 ipsa
1300 702 1385 745 uxor

192 780 253 846 sibi
282 780 437 864 retulerit,
469 782 555 868 quod
578 785 611 848 in
632 783 783 850 larissaw
804 785 897 849 iuxta
919 784 1064 850 cloacam
1086 787 1119 849 in
1142 787 1240 869 ouria,
1265 786 1297 850 in
1320 807 1386 871 qua

192 895 284 971 poter
314 887 383 951 eius
411 886 606 972 morabatur,
640 888 754 954 fuisset
787 887 927 975 quedam
960 910 1054 973 gana,
1087 890 1121 954 in
1152 910 1216 976 qua
1246 888 1288 954 de
1319 888 1384 954 fide

191 989 442 1056 instruebantur.
494 991 578 1057 Item
614 991 701 1078 quod
740 1014 814 1058 cum
848 991 1006 1059 Rudlinus
1041 994 1102 1058 iret
1135 993 1315 1080 Znoymom
1353 1003 1385 1058 ct

192 1094 367 1181 quemdam
398 1094 532 1161 duceret
562 1098 595 1162 in
625 1119 722 1163 curru
751 1120 809 1163 suo
841 1108 874 1163 et
896 1096 1047 1163 Pitrolfus
1074 1106 1178 1163 sartor
1204 1100 1265 1163 iret
1292 1100 1384 1163 iuxta

193 1222 323 1264 currum
348 1202 562 1287 interrogatus
586 1201 745 1268 Rudlinus
766 1201 955 1268 aWolflino
978 1201 1117 1284 Helrcel,
1140 1201 1228 1267 unde
1251 1201 1385 1268 duceret

193 1303 382 1387 hereticum,
413 1304 589 1391 respondit,
619 1305 707 1392 quod
737 1328 801 1371 non
832 1316 917 1371 esset
946 1306 1118 1390 hereticus,
1149 1306 1206 1371 sed
1237 1328 1321 1372 unns
1344 1305 1385 1371 de

193 1408 310 1493 Praga.
333 1409 554 1494 Interrogatus
576 1410 619 1475 ab
642 1410 766 1494 eodem,
790 1433 891 1497 quere
913 1409 1096 1497 Pitrolphus
1111 1413 1173 1476 iret
1187 1433 1261 1476 oum
1277 1433 1385 1495 curru,

193 1512 369 1599 rospondit,
399 1513 487 1599 quod
518 1523 603 1579 esset
630 1518 754 1580 amicus
785 1537 863 1580 suus
892 1524 925 1579 et
955 1514 1152 1581 conduceret
1174 1537 1257 1581 eum.
1303 1516 1386 1581 Item

194 1616 281 1703 quod
311 1617 444 1704 quidam
472 1620 551 1684 civis
574 1619 681 1685 retulit
703 1619 789 1703 mihi,
814 1619 901 1706 quod
924 1619 1056 1707 quidam
1079 1619 1120 1685 de
1143 1619 1330 1687 Bernharca
1352 1623 1385 1685 in

195 1730 295 1786 strata
328 1732 475 1788 vectores
509 1723 707 1790 Hencnlinus
740 1725 824 1790 filius
858 1724 1014 1791 Leonisse
1048 1726 1214 1790 venientes
1244 1726 1386 1812 Pragam

195 1834 308 1891 cuntes
338 1825 380 1891 de
411 1829 540 1892 civitate
571 1826 723 1893 dixerunt
753 1851 788 1893 sc
818 1831 978 1913 invitatos,
1010 1850 1090 1915 quos
1113 1831 1277 1895 insecutus
1299 1828 1386 1895 idem

194 1932 353 1997 transiens
382 1955 441 2018 per
470 1931 553 1997 duas
583 1935 689 1998 curies
712 1935 801 2019 ipsos
822 1956 886 1999 non
908 1936 1042 2018 invenit,
1065 1937 1120 2020 qui
1142 1933 1185 1999 ad
1208 1934 1386 2021 hospicium

194 2046 394 2103 revertentes
418 2037 572 2105 dixerunt
593 2037 636 2103 ad
659 2037 740 2104 filios
762 2038 902 2105 Fridrici
925 2040 966 2106 dc
987 2040 1172 2121 Leschnitn,
1195 2041 1250 2127 qui
1272 2040 1387 2106 eodem

197 2142 249 2208 die
280 2165 323 2207 ex
345 2164 429 2208 novo
451 2144 592 2229 Pragam
618 2154 792 2210 venerant:
815 2145 918 2211 fuistis
941 2144 1008 2212 ibi?
1054 2145 1118 2224 Qui
1139 2144 1387 2231 responderunt,

197 2246 283 2334 quod
305 2249 352 2313 sic
374 2248 492 2314 suimus
514 2247 559 2314 ibi
582 2257 615 2313 et
636 2251 753 2314 iterum
774 2249 850 2315 illuc
874 2249 1021 2316 volumus
1044 2251 1164 2315 venire.
1202 2250 1286 2315 Item
1299 2248 1387 2314 idem

195 2351 273 2417 mihi
295 2349 412 2436 retulit,
435 2352 522 2438 quod
545 2353 733 2439 Margareta
756 2353 887 2420 scolaris
910 2353 977 2419 filia
998 2353 1150 2420 mulieres
1173 2353 1216 2418 ad
1237 2376 1312 2419 eam
1334 2377 1386 2418 ve

196 2457 322 2522 nientes
354 2455 395 2521 dc
423 2456 709 2523 villaBernharcn
732 2456 945 2524 lamentantes
969 2468 1001 2523 ot
1024 2467 1257 2544 conquerentes
1281 2457 1322 2523 de
1343 2460 1388 2524 in·

197 2562 367 2626 cusacione
391 2560 522 2645 heresis,
546 2584 609 2647 quc
632 2584 687 2627 eas
710 2562 875 2629 consolata
898 2562 1028 2628 dicebat
1050 2583 1085 2627 sc
1108 2564 1154 2627 eis
1170 2561 1293 2628 nullum
1308 2564 1390 2647 peri·

197 2665 305 2732 culum
335 2667 502 2731 inminere.
548 2667 629 2731 Item
660 2670 808 2754 sequenti
833 2667 916 2733 feria
937 2677 1033 2732 sexta
1054 2676 1127 2753 post
1148 2667 1266 2732 festum
1288 2668 1390 2732 sancti

199 2769 290 2835 Luce
320 2768 501 2835 Katharine
532 2793 614 2836 uxor
645 2770 817 2837 Hanczlini
847 2773 965 2837 rasoris
994 2793 1176 2856 pannorum
1207 2772 1304 2836 citata
1333 2792 1391 2856 pro

199 2874 304 2941 heresi
336 2876 515 2961 comparuit
546 2897 654 2942 coram
685 2874 813 2942 domino
844 2878 1029 2962 inquisitore
1060 2875 1112 2941 die
1134 2875 1291 2961 predicta.
1337 2874 1392 2940 Ad

199 3002 298 3067 quam
320 2979 468 3046 dominus
490 2982 672 3066 inquisitor:
696 2981 878 3047 Katharina
900 2979 1003 3046 debes
1024 2983 1131 3045 iurare
1152 2979 1194 3045 ad
1210 2989 1324 3045 sancta
1339 2979 1392 3046 dei

198 3084 387 3170 ewangelio,
411 3084 497 3171 quod
520 3087 570 3149 vis
593 3084 726 3151 obedire
749 3096 860 3151 sancte
880 3085 1027 3151 Romane
1051 3084 1188 3150 ecclesie
1211 3094 1244 3149 et
1263 3083 1392 3150 domino

199 3189 378 3255 Benedicto
407 3211 492 3276 pape
521 3188 599 3256 XII.
624 3199 656 3255 et
685 3189 762 3256 mihi
794 3189 883 3255 dices
912 3189 955 3254 ad
986 3191 1184 3273 interrogata
1211 3190 1392 3255 veritatem.

199 3293 391 3382 Respondit:
409 3296 533 3379 omnia,
557 3317 619 3380 quc
644 3294 747 3360 debeo
770 3294 889 3378 facere,
913 3293 1087 3380 quodsum
1102 3315 1183 3359 vera
1199 3291 1394 3376 Christiana,

200 3399 328 3484 faciam,
358 3399 417 3464 sed
447 3398 490 3465 de
519 3401 697 3465 iuramento
727 3408 777 3464 ter
805 3401 936 3481 monita,
967 3402 994 3464 si
1023 3398 1121 3463 vellet
1148 3400 1265 3479 iurare,
1295 3398 1394 3463 nichil

200 3502 375 3591 respondit.
421 3504 541 3570 Ultimo
571 3514 680 3569 tamen
708 3502 799 3587 dixit,
823 3506 850 3567 si
871 3502 989 3569 iubetis
1010 3525 1063 3568 me
1086 3505 1204 3585 iurare,
1226 3501 1340 3567 iurabo
1363 3512 1396 3567 et

200 3608 349 3675 dominus
376 3611 543 3695 inquisitor
566 3608 684 3673 dixitz·
710 3658 846 3673 .....
869 3607 966 3674 iubeo
989 3616 1030 3691 te,
1060 3605 1118 3671 sed
1141 3609 1167 3671 si
1190 3607 1239 3670 vis
1262 3605 1395 3673 obedire

202 3723 234 3779 et
254 3716 373 3796 iurare,
397 3714 458 3779 hoc
482 3724 530 3780 est
552 3716 584 3778 in
608 3724 665 3779 tua
686 3711 861 3778 voluntate.
892 3711 969 3798 Ipsa
991 3734 1069 3775 vero
1093 3714 1185 3797 quasi
1208 3714 1395 3798 contempti·

201 3819 306 3884 biliter
337 3821 479 3885 recessit.
527 3819 684 3883 Dominus
715 3815 890 3882 Nicolaus⁸
921 3816 1010 3900 [fnit]
1041 3838 1176 3903 presens
1208 3826 1240 3881 ct
1269 3815 1396 3882 Hencn·

200 3922 285 3988 linus
307 3924 442 3988 maritus
463 3923 541 3987 eius.
587 3920 742 4008 Mychael
765 3920 951 3986 forestarius
974 3918 1096 3985 domini
1112 3919 1214 3985 Vlrici
1237 3919 1279 3985 de
1302 3919 1398 3985 Nova

202 4027 297 4093 domo
325 4025 483 4113 deposuit,
507 4025 617 4114 quod·
642 4077 843 4091 .......
869 4023 991 4090 domini
1014 4026 1083 4090 eius
1106 4023 1241 4107 audivit,
1266 4027 1321 4110 qui
1342 4047 1397 4089 ve-

202 4142 295 4199 nator
329 4132 407 4198 dicit
436 4154 471 4197 se
500 4130 664 4197 audivisse
694 4155 714 4196 a
744 4130 884 4217 quadam
915 4127 1033 4194 ancilla
1062 4128 1189 4194 illorum
1224 4127 1266 4192 de
1298 4129 1397 4194 Bern-

202 4237 310 4320 harca,
345 4236 432 4323 quod
466 4259 540 4301 raro
573 4235 697 4301 vadunt
726 4235 769 4300 ad
798 4236 930 4301 missam
965 4233 1079 4299 diebus
1113 4231 1281 4298 dominicis
1316 4234 1398 4299 nisib

202 4566 290 4658 22311.
308 4615 321 4639 ⁸
340 4606 395 4655 Das
413 4604 552 4674 Folgende
571 4606 606 4655 ist
623 4602 772 4656 verwischt.
793 4630 824 4639 -
844 4602 856 4636 b
875 4600 969 4656 Lticke
987 4600 1088 4669 infolge
1102 4598 1336 4665 Versttlmmelung
1354 4598 1401 4653 des

202 4691 381 4745 Protokollss.
