3388 5302
1306 397 1350 464 85

156 583 322 647 tissimum.
368 583 492 647 Datum
522 582 668 649 Tridenti
698 586 732 650 in
762 596 867 652 castro
897 598 1006 653 nostro
1032 589 1114 653 Boni
1143 590 1266 655 consilii
1296 590 1349 656 die

154 685 267 751 ultima
289 688 410 752 mensis
432 687 541 773 aprilis
564 710 648 754 anno
672 698 731 754 etc.
756 693 993 776 septuagesimo
1017 695 1136 778 quinto.

258 791 508 879 Postscriptum:
534 791 616 873 Qus
630 816 708 859 vero
729 793 791 859 hiis
807 795 1025 881 superioribus
1041 819 1219 883 parasceve
1235 796 1350 863 diebus

153 921 174 962 a
203 897 338 983 perfidis
361 896 471 963 Iudeis
501 899 600 985 impie
630 898 868 986 crudeliterque
897 903 930 965 in
961 900 1124 989 quendam
1146 904 1351 968 innocentem

152 1002 348 1088 parvulum⁷
371 1000 590 1069 Christianum
613 1004 665 1069 hic
695 1004 785 1091 apud
814 1027 872 1070 nos
902 1017 977 1072 acta
1006 1015 1089 1091 sunt,
1112 1006 1274 1072 relacione
1296 1007 1351 1072 ho·

152 1130 227 1171 rum
261 1105 443 1173 baiulorum
475 1108 667 1193 intelligetis.
714 1109 811 1174 Esset
845 1112 931 1176 enim
960 1111 1093 1197 longum
1123 1111 1277 1195 scribere,
1308 1112 1351 1177 ad

153 1211 244 1298 quod
275 1210 316 1277 ds
339 1215 481 1298 presenti
504 1222 632 1299 tempus
655 1237 719 1279 non
742 1214 927 1282 sufficiebat
948 1225 1080 1302 propter
1102 1215 1236 1281 multam
1259 1239 1351 1282 occu·

153 1319 324 1403 pacionem
353 1326 386 1381 et
414 1317 529 1382 horum
559 1321 803 1405 peregrinorum
832 1320 1117 1385 acceleracionem.
1163 1319 1351 1386 Scribemus

153 1431 264 1487 autem
286 1431 407 1508 postea,
431 1422 561 1509 quando
583 1423 646 1489 hec
668 1446 730 1508 res,
754 1447 817 1510 quo
840 1425 952 1490 ordine
974 1448 1078 1511 quove
1093 1426 1267 1512 impietatis
1282 1425 1351 1491 nelo

153 1537 187 1592 et
208 1526 348 1613 perfidia
369 1537 496 1614 patrata
518 1531 567 1612 sit,
590 1528 746 1614 imperiali
769 1531 927 1594 maiestati
952 1531 1132 1616 ceterisque
1151 1529 1351 1617 principibus

153 1634 318 1718 germanis
349 1642 413 1697 tem
444 1632 671 1697 ecclesiasticis
701 1655 797 1719 quam
828 1633 1028 1699 secularibus
1058 1633 1285 1719 publicabitur,
1317 1643 1352 1698 ut

153 1739 210 1803 toti
241 1736 363 1802 mundo
393 1736 524 1820 clareat,
555 1760 653 1824 quam
682 1740 816 1824 impium
848 1741 889 1802 sit
918 1738 1002 1804 hanc
1033 1738 1194 1826 perfidam
1221 1749 1352 1824 gentem

153 1843 238 1906 inter
269 1841 441 1906 christiane
471 1840 633 1928 religionis
665 1841 763 1907 urbes
786 1852 818 1907 et
840 1841 956 1908 limites
978 1852 1090 1908 tenere
1114 1853 1146 1908 et
1168 1843 1351 1926 confovere,

154 1947 210 2032 qui
232 1968 297 2010 non
321 1945 424 2012 solum
446 1969 525 2012 auro
548 1956 747 2032 argentoque
764 1949 944 2033 ceterisque
960 1948 1208 2033 preciosioribus
1224 1950 1351 2029 nostris,

155 2048 212 2114 sed
237 2062 270 2114 et
292 2051 441 2136 sanguini
455 2049 636 2117 Christiano
660 2062 693 2116 et
714 2054 781 2116 vite
802 2050 1004 2133 insidiantur,
1028 2063 1123 2137 prout
1145 2051 1219 2116 olim
1234 2054 1266 2116 in
1282 2073 1352 2137 par·

155 2156 241 2221 tibus
265 2153 396 2220 Austrie
425 2165 625 2242 compertum
648 2156 717 2239 fuit,
748 2166 892 2243 tempore
916 2155 1044 2223 Alberti
1067 2155 1230 2244 quondam
1252 2158 1353 2243 patris

156 2259 229 2324 olim
254 2259 398 2324 Ladislai
428 2262 514 2343 regis
545 2264 709 2346 superiore
742 2270 825 2325 etate
848 2262 971 2325 factum
993 2259 1175 2325 audivimus
1200 2270 1231 2324 et
1253 2259 1354 2327 multa

156 2374 295 2429 centena
322 2362 498 2429 eorundem
518 2364 662 2429 Wienne
685 2364 726 2429 ob
750 2365 885 2429 similem
908 2364 1079 2451 perfidiam
1101 2366 1200 2430 fuisse
1224 2386 1353 2430 concre-

154 2478 252 2552 mata,
276 2470 367 2533 cuius
391 2470 494 2534 eciam
516 2468 647 2534 historie
671 2479 703 2534 et
725 2472 772 2534 rei
794 2479 885 2554 geste
902 2472 1028 2554 seriem,
1052 2472 1098 2535 sic
1114 2469 1170 2534 ubi
1186 2468 1276 2555 apud
1293 2490 1352 2533 vos

155 2572 342 2656 haberetur,
365 2571 541 2638 admodum
564 2572 686 2639 habere
710 2595 912 2661 cuperemus.

199 2818 300 2886 1846.
886 2824 969 2883 1475
986 2826 1066 2898 Apio
1083 2825 1134 2891 co,
1152 2825 1307 2896 orturus.

260 2992 376 3056 Hanns
411 2992 583 3079 Oheppler‚
618 2991 670 3057 die
703 2996 766 3057 neit
798 2994 891 3076 verig
924 3016 965 3057 ιιι
996 2992 1170 3072 Mantuam,
1202 2991 1258 3057 hat
1287 2991 1352 3055 auf-

155 3097 385 3184 emphanngen
419 3105 496 3160 nuta
529 3097 597 3161 und
627 3119 718 3182 gwer
748 3098 777 3180 Ι]
808 3097 952 3182 quartale
982 3095 1157 3162 veldlshen
1187 3098 1220 3160 in
1250 3095 1354 3159 Maut·

155 3200 339 3287 tingerveld
369 3210 504 3286 zenagst
529 3200 594 3286 bey
619 3201 678 3265 der
701 3210 778 3265 statt
799 3200 946 3286 gelegen‚
973 3201 1080 3265 davon
1103 3222 1178 3264 man
1202 3198 1292 3264 dient
1313 3222 1355 3263 ιιι

156 3307 353 3392 vogtfuetter
375 3305 454 3391 VIIJ
469 3316 574 3370 metnn
596 3304 732 3389 habern,
755 3304 789 3369 II
804 3304 1079 3391 schreibphening
1101 3303 1169 3369 und
1188 3305 1204 3367 1
1222 3314 1270 3369 ort
1285 3304 1354 3369 und

155 3412 237 3495 ΠΗ)
253 3409 470 3498 snitphening‚
498 3410 546 3475 als
575 3411 661 3476 donn
686 3412 743 3476 mit
764 3409 893 3475 kchauf
911 3431 986 3473 vom
1011 3410 1134 3476 Steffan
1158 3408 1355 3494 Goltperger

156 3538 197 3580 an
219 3518 253 3580 in
277 3514 415 3580 chdmen
438 3517 487 3580 ist.
524 3514 645 3580 Actum
669 3538 711 3579 zu
727 3514 881 3600 Gottbeig
903 3537 945 3579 an
961 3522 1079 3598 suntag
1093 3535 1152 3577 vor
1166 3512 1306 3600 Philippi
1322 3523 1355 3578 et

157 3619 276 3685 Jacobi
298 3642 383 3684 anno
406 3629 467 3684 eto.
491 3618 631 3686 LXXV.

261 3795 341 3846 Notis
358 3796 387 3845 in
405 3794 468 3845 Cod.
482 3795 508 3845 H
526 3795 544 3844 f.
559 3797 616 3845 126.

201 3986 302 4054 1817.
1005 3989 1088 4048 1475
1105 3992 1164 4048 lla!
1183 3990 1210 4057 7,
1228 3991 1308 4049 Rom.

262 4179 396 4262 Pauus
426 4179 566 4262 Biscbof
588 4199 649 4244 ooo
678 4179 797 4245 Portus
826 4179 993 4243 Romanas
1022 4178 1153 4242 verleibt
1179 4178 1248 4242 dem
1271 4177 1354 4243 Pos-

159 4305 253 4349 soaer
273 4282 567 4366 Didceeuopriester
590 4283 760 4367 Wolfpoap
782 4283 920 4363 δαῆναι
950 4283 1009 4348 das
1030 4282 1182 4365 Priviley,
1210 4281 1278 4347 siclt
1298 4284 1356 4365 fiir

161 4510 241 4566 1845.
264 4501 385 4563 'Simon
404 4511 606 4563 Unverdorben.
644 4511 687 4560 Da
705 4510 753 4562 der
770 4511 882 4562 Bischof
897 4511 941 4561 die
959 4511 1066 4561 Mordor
1084 4509 1131 4560 des
1150 4509 1265 4559 Knaben
1284 4508 1354 4558 nach

161 4599 311 4667 damaligen
324 4599 456 4650 Gesetzen
474 4605 581 4665 strange
599 4598 736 4649 bestrasen
754 4598 826 4660 liess,
844 4597 1019 4649 verwickelte
1037 4612 1066 4648 er
1084 4597 1141 4647 sich
1159 4597 1188 4645 in
1201 4594 1354 4647 zahlreiche

162 4686 286 4739 Procease
304 4686 545 4755 (Kirchenlexikon
563 4686 611 4747 xl,
629 4684 719 4752 2031).
