3364 5300
1289 386 1353 451 235

156 573 276 640 Paulus
297 576 448 659 vicarius,
472 575 665 643 Wilbelmus
687 579 783 662 prior,
806 576 975 643 Erhardus
990 580 1098 643 senior
1111 586 1264 665 totusque
1281 601 1354 645 con·

155 686 271 743 ventus
294 680 480 744 monasterii
502 679 598 746 beate
614 681 719 746 Maria
738 683 872 768 virginis
887 685 920 746 in
937 682 1096 748 Gottwico
1112 682 1232 748 ordinis
1248 684 1354 748 sancti

155 781 324 848 Benedicti
347 807 381 848 v.
396 807 422 848 r.
438 806 470 870 p.
487 784 688 850 fundacionis
711 794 744 849 et
767 785 904 850 dicaeus
919 789 1135 853 reverentiam
1151 797 1184 852 et
1203 786 1354 853 obedien·

155 888 231 952 tiam
263 909 338 951 cum
368 886 493 952 devotis
520 887 564 953 ad
591 888 689 954 deum
712 889 919 954 orationibus.
950 890 1108 956 Novimus
1131 893 1233 956 sacris
1260 913 1354 957 cano·

155 990 249 1056 nibus
270 990 406 1078 provide
422 1002 455 1058 et
469 1003 593 1059 mature
609 996 731 1078 caveri,
754 1004 913 1081 quatenus
928 1017 970 1060 ne
985 995 1081 1082 lupus
1096 1017 1201 1081 rapax
1218 1017 1354 1082 gregem

155 1095 289 1161 invadat
319 1095 526 1181 dominicum,
557 1098 703 1163 ecclesiis
725 1097 866 1163 viduatis
888 1100 922 1163 in
943 1108 1088 1186 tempore
1114 1102 1279 1186 oportunis
1301 1122 1352 1165 re·

154 1199 269 1265 mediis
292 1200 509 1289 provideatur.
542 1202 706 1282 Quocirca
729 1202 893 1289 qnondam
916 1203 1044 1269 domino
1067 1203 1216 1269 Erhardo
1240 1204 1351 1269 ultimo

155 1315 188 1370 et
215 1304 402 1372 immediato
432 1305 556 1393 prelato
586 1315 694 1371 nostro
724 1305 829 1393 pridie
860 1306 1013 1373 videlicet
1043 1306 1097 1372 die
1129 1308 1203 1372 solis
1231 1311 1354 1394 quinta·

156 1409 284 1475 decima
311 1412 430 1476 mensis
453 1411 587 1476 marcii²
610 1413 686 1476 anni
708 1413 866 1497 presentis
891 1411 932 1477 de
955 1412 1019 1476 hac
1040 1414 1116 1496 vita,
1140 1421 1177 1477 nt
1199 1411 1355 1478 altissimo

155 1514 286 1600 placuit,
317 1513 442 1580 sublato
471 1516 604 1602 eiusque
635 1537 769 1601 corpore
797 1524 833 1580 ut
856 1514 965 1581 decuit
987 1515 1163 1581 honorifice
1187 1514 1354 1602 sepulture

156 1617 273 1684 tradito
303 1640 362 1683 nos
392 1641 503 1685 omnes
531 1628 563 1685 et
585 1620 703 1705 singuli
727 1619 948 1706 capitulariter
970 1622 1159 1707 congregati
1182 1618 1270 1686 diem
1292 1619 1354 1685 Ve-

155 1726 241 1789 neris
271 1725 460 1789 vicesimam
489 1727 608 1789 mensis
638 1723 755 1810 prefati
788 1728 918 1791 stanni
941 1724 1087 1791 eiusdem
1109 1747 1168 1812 pro
1192 1724 1355 1790 eleccione

156 1828 254 1894 futuri
277 1830 378 1894 nostri
400 1829 516 1915 prelati
540 1838 572 1895 et
593 1832 730 1916 pastoris
753 1831 922 1895 statuimus
944 1840 978 1895 et
999 1831 1244 1917 assignavimus.
1280 1828 1354 1910 Quo

157 1933 209 1998 die
239 1932 436 1999 adveniente
466 1936 590 1999 vocatis
618 1933 766 1999 omnibus
790 1944 822 1999 et
844 1935 977 2020 singulis
1000 1938 1118 2000 nostris
1142 1933 1355 1999 confratribus

157 2048 234 2104 tunc
264 2037 464 2120 absentibus,
495 2042 549 2125 qui
580 2038 734 2104 eleccioni
764 2039 946 2105 huiusmodi
974 2050 1148 2127 potuerunt
1171 2039 1356 2104 debuerunt

158 2154 190 2209 et
218 2143 393 2209 voluerunt
423 2142 591 2209 commode
620 2146 786 2229 interesse,
818 2147 949 2210 missam
973 2144 1014 2210 de
1038 2154 1149 2210 sancto
1172 2146 1283 2230 spiritu
1308 2165 1355 2207 so·

157 2248 305 2314 lemniter
335 2248 501 2313 decantari
531 2249 667 2313 fecimus
697 2252 792 2314 certis
823 2272 867 2314 ex
897 2248 992 2314 nobis
1019 2252 1133 2314 missas
1160 2246 1354 2333 legentibus,

159 2353 226 2419 aliis
250 2361 359 2419 autem
382 2375 447 2418 non
470 2352 709 2419 celebrantibus
733 2353 888 2419 confessis
912 2363 945 2420 et
966 2356 1058 2419 iuxta
1072 2352 1259 2419 Basiliensis
1282 2373 1355 2416 con·

158 2458 221 2523 cilii
243 2457 411 2524 decretum
434 2455 695 2523 eukumenilrum
717 2468 960 2524 sacrosanctum
983 2458 1234 2523 communicatis.
1281 2457 1356 2537 Qua

158 2565 257 2628 missa
287 2562 379 2627 finita
407 2561 450 2627 ad
483 2562 589 2627 locum
613 2562 743 2649 capituli
765 2564 866 2628 nostri
888 2561 1014 2628 solitum
1038 2571 1071 2626 et
1094 2569 1282 2626 consuetum
1305 2583 1357 2625 ca·

159 2666 339 2754 piurlariter
368 2688 479 2732 sumus
510 2670 698 2754 congregati
727 2667 931 2754 presentibus
960 2665 1083 2731 ibidem
1112 2663 1292 2730 venerabili
1322 2673 1356 2729 et

157 2773 290 2858 egregio
313 2769 441 2836 domino
463 2770 608 2836 Iohanne
631 2769 920 2856 Kalltenmarlrter‚
943 2773 1067 2837 arcium
1091 2770 1298 2836 decretorum
1322 2778 1355 2834 et

158 2898 249 2942 sacre
272 2875 432 2961 theologie
456 2875 597 2959 doctore,
621 2878 708 2941 curie
731 2876 933 2941 Pataviensis
955 2876 1039 2941 infra
1054 2875 1200 2941 Anasum
1216 2872 1355 2960 officiale

155 2980 311 3067 generali,
343 2979 524 3045 reverendo
555 2982 588 3045 in
612 2978 739 3045 Christo
769 2990 872 3067 patre,
897 2979 1025 3046 domino
1049 2979 1169 3045 Iacobo
1192 2980 1355 3066 preposito

155 3088 342 3154 monasterii
363 3086 550 3171 Newburge
574 3085 753 3151 claustralis
775 3109 904 3152 necnon
926 3085 1105 3152 venerabili
1128 3085 1257 3151 domiuo
1274 3084 1355 3151 Oen·

162 3191 242 3257 rado
258 3190 374 3277 Fuegl,
391 3191 516 3256 decano
529 3189 728 3255 Ardacensis
745 3199 778 3255 et
792 3190 989 3256 Mellicensis
1005 3190 1225 3273 ecclesiarum,
1248 3212 1289 3255 ac
1303 3212 1356 3255 no

157 3300 240 3362 taric
271 3306 304 3361 et
332 3294 468 3361 testibus
499 3295 711 3380 infrascriptis
743 3294 786 3359 ad
815 3295 877 3360 hoc
907 3294 1112 3381 singulariter
1140 3293 1301 3381 deputatis
1324 3304 1357 3361 et

157 3402 318 3489 requisitis
352 3399 462 3487 ibique
497 3398 692 3486 quibusdam
726 3399 980 3466 solemnitatibus
1015 3409 1047 3464 et
1076 3398 1252 3464 collacione
1284 3420 1354 3486 pre·

155 3506 272 3572 habitis
308 3504 475 3570 decretum
506 3504 631 3569 concilii
654 3503 840 3570 Basiliensis
873 3504 914 3569 de
944 3504 1101 3569 electione
1131 3502 1261 3589 publice
1291 3502 1356 3590 legi

154 3611 294 3676 fecimus
317 3619 350 3674 et
371 3608 505 3674 tandem
527 3618 655 3674 matura
675 3608 847 3695 prehabita
869 3607 1110 3674 deliberacione
1124 3608 1247 3695 placuit
1260 3606 1355 3673 nobis

154 3738 213 3801 per
243 3716 332 3779 viam
363 3715 583 3800 compromissi
611 3714 705 3778 mixti
726 3714 760 3777 in
782 3712 965 3778 huiusmodi
989 3721 1133 3777 nostram
1156 3710 1357 3777 eleccionem

153 3818 334 3907 procedere
357 3829 390 3884 et
410 3821 455 3884 ita
478 3827 586 3884 nostro
608 3819 802 3884 monasterio
826 3816 957 3882 viduato
980 3815 1162 3903 providere.
1194 3817 1358 3883 Promissa

155 3927 267 4013 itaque
282 3923 507 3989 admonicione
521 3946 582 4010 per
596 3922 780 4009 religiosum
794 3923 929 3988 fratrem
945 3922 1083 3988 Paulum
1099 3921 1262 4009 prefatum
1278 3932 1358 3986 tunc

153 4028 194 4096 de
226 4049 406 4094 consenssu
437 4037 470 4093 et
498 4037 663 4093 votuntate
686 4036 797 4093 nostra
818 4029 853 4092 in
875 4026 1094 4113 spiritualibus
1119 4035 1153 4090 et
1175 4025 1357 4112 temporali-

153 4134 214 4201 bus
246 4134 404 4198 vicarium
433 4131 595 4215 videlicet,
628 4132 713 4219 quod
741 4154 852 4197 omnes
883 4143 915 4198 et
942 4132 1060 4218 singuli
1085 4131 1357 4196 excommunicati

155 4240 304 4325 suspensi
333 4247 366 4301 et
388 4239 484 4302 etiam
506 4236 669 4302 interdicti
691 4259 731 4302 ac
754 4235 807 4322 illi,
832 4239 887 4323 qui
909 4245 1114 4301 sacrosancto
1138 4234 1356 4300 eulrumenico

153 4367 215 4410 non
251 4341 389 4407 fuissent
417 4342 590 4427 procurati,
622 4362 747 4406 necnon
778 4342 975 4428 quicumque
1005 4340 1070 4424 alii,
1102 4341 1128 4404 si
1160 4340 1217 4425 qui
1247 4340 1357 4404 forsan

154 4502 361 4514 .-.----

153 4585 240 4643 2028.
259 4584 272 4618 ’
289 4586 343 4638 Die
364 4585 516 4654 Bsehnnng
537 4603 599 4637 vom
617 4586 702 4638 Jahre
722 4588 789 4638 lusa
815 4590 926 4655 arguunt
948 4587 1018 4638 noch
1040 4601 1170 4654 gensum:
1195 4585 1260 4636 horo
1281 4590 1356 4636 aecta

154 4684 211 4729 ente
227 4673 369 4728 aarum
