3406 5300
322 382 385 448 348

322 576 419 641 turbii
441 577 475 642 in
497 579 690 642 monasterio
711 576 791 642 facti
814 579 959 643 conscios
979 577 1022 643 ad
1037 576 1177 664 aliquem
1192 579 1363 643 terminum
1378 575 1513 643 brevem

322 683 425 746 eciam
447 681 534 746 feriis
556 680 844 748 nonobstantibus
868 680 1045 755 saltemad
1069 682 1228 747 cautelam
1247 681 1371 748 absolvi
1386 704 1513 749 necnon

322 786 365 851 ad
389 785 563 851 dicendum
586 796 697 851 contra
719 785 828 852 literas
850 811 908 853 seu
931 787 1168 853 commissiones
1187 787 1378 874 apostolicas
1394 786 1436 852 ad
1451 789 1513 873 pri·

322 913 409 957 mem
439 889 526 956 diem
555 890 734 976 iuridicam,
765 892 827 958 hoc
850 901 899 959 est
921 892 1017 956 finitis
1040 892 1128 957 feriis
1152 901 1213 958 etc.
1238 891 1401 957 decernat.
1447 892 1514 956 Ex·

322 995 468 1062 trahatur
504 1018 631 1083 quoque
669 996 784 1062 eodem
820 1005 981 1062 momento
1018 997 1178 1084 generalis
1215 996 1366 1062 inhibioio
1401 1006 1514 1062 contra

323 1122 541 1188 quoscunque.
586 1100 640 1166 Ad
672 1100 833 1186 effectum,
865 1103 891 1166 si
915 1100 1062 1167 dominus
1084 1102 1372 1168 reverendissimus
1395 1100 1514 1168 Saltce-

322 1204 492 1293 burgensis
515 1205 775 1292 archiepiscopus
798 1229 841 1272 ex
861 1208 1082 1272 commissione
1099 1207 1200 1294 regali
1215 1217 1323 1294 spreta
1338 1207 1514 1293 apostolica

322 1309 523 1399 procederet,
554 1309 658 1376 eidem
688 1311 826 1377 inhiberi
848 1313 956 1398 possit.
1002 1311 1152 1377 Arbitror
1173 1323 1293 1396 tamen,
1317 1334 1392 1377 cum
1414 1333 1514 1376 causa

321 1418 392 1503 ipsa
414 1418 454 1482 sit
476 1416 596 1499 odiosa,
621 1417 647 1480 si
669 1417 738 1502 ipse
760 1415 1049 1481 reverendissimus
1073 1416 1220 1483 dominus
1236 1415 1515 1503 Saltzeburgensis

323 1521 556 1587 certificaretur
585 1543 644 1607 per
674 1522 899 1607 paternitatem
921 1543 952 1586 v.
976 1543 1003 1586 r.
1028 1520 1069 1585 de
1093 1522 1316 1586 commissione
1338 1520 1514 1608 apostolice

323 1635 356 1691 et
385 1628 597 1713 exemptione
623 1627 807 1692 monasterii
831 1624 1058 1709 Gottbicensis,
1082 1624 1209 1691 abbatis
1232 1634 1265 1691 et
1285 1625 1514 1711 membrorum,

322 1729 409 1817 quod
439 1730 526 1796 nullo
555 1730 650 1795 modo
680 1753 714 1795 se
741 1732 974 1796 intromitteret.
1020 1730 1253 1796 Nichilominus
1276 1733 1317 1795 sit
1338 1733 1514 1816 paternitas

321 1859 353 1901 v.
369 1859 396 1901 r.
419 1838 548 1922 provisa
571 1859 645 1902 cum
666 1836 870 1902 inhibicione.
914 1837 958 1902 Et
983 1859 1025 1902 ne
1047 1840 1138 1923 regia
1160 1837 1310 1903 maiestas
1334 1859 1377 1901 ex
1399 1858 1514 1924 sugge-

321 1942 422 2005 stione
456 1939 716 2007 adversariorum
749 1945 929 2029 suspicetur
961 1940 1143 2007 huiusmodi
1174 1943 1429 2007 commissionem
1459 1963 1514 2006 ex-

320 2055 457 2112 tractam
484 2044 528 2112 ad
557 2046 798 2133 impediendam
827 2049 990 2132 iustitiam,
1020 2049 1186 2113 avisentur
1208 2055 1316 2113 vestre
1338 2070 1370 2133 p.
1393 2070 1420 2112 r.
1443 2069 1514 2133 pro·

321 2160 460 2217 motores
486 2153 520 2216 in
551 2153 642 2216 curia
670 2153 763 2238 regia
789 2155 965 2217 existentes
995 2151 1156 2236 videlicet,
1180 2150 1317 2238 qualiter
1338 2154 1514 2237 paternitas

321 2278 352 2321 v.
376 2279 401 2320 r.
425 2277 483 2341 pro
514 2255 720 2321 absolutione
751 2254 863 2321 sedem
892 2256 1102 2343 apostolicam
1131 2255 1279 2341 adiverit,
1303 2278 1366 2342 que
1389 2254 1514 2343 absque

322 2383 419 2426 cause
443 2371 476 2427 et
497 2359 703 2447 provincialis
726 2364 852 2448 negocii
876 2363 1072 2447 cognitione,
1096 2361 1184 2427 unde
1208 2383 1344 2427 censure
1365 2361 1515 2427 ecclesia·

321 2468 399 2531 stice
422 2465 574 2553 progredi
595 2464 832 2552 pendebantur,
857 2464 1089 2553 denegabatur.
1117 2465 1236 2533 Coacte
1258 2468 1366 2553 itaque
1381 2476 1515 2553 recepta

320 2571 380 2636 fuit
409 2571 590 2636 commissio
620 2568 664 2635 ad
693 2580 801 2657 partes
828 2569 1042 2636 absolucionis
1065 2593 1139 2636 cum
1163 2572 1313 2636 examine
1336 2573 1437 2636 tocius
1461 2591 1515 2636 ne-

320 2676 397 2761 gotii
423 2676 566 2741 maxime
589 2674 749 2742 nullitatis.
794 2675 948 2741 Preterea
970 2684 1078 2741 vestre
1102 2699 1128 2740 r.
1152 2697 1183 2761 p.
1206 2677 1240 2740 in
1261 2674 1426 2761 Friburga
1447 2676 1514 2740 exi·

321 2788 441 2845 etentes
475 2779 694 2845 sollicitatores
728 2778 771 2844 ad
804 2782 893 2864 regie
925 2781 1101 2846 maiestatis
1130 2782 1249 2867 scripta
1280 2779 1322 2844 ad
1353 2801 1513 2846 summum

321 2885 506 2973 pontificem
547 2888 645 2951 missa
688 2887 933 2971 exempcionem
970 2885 1096 2952 Nicolai
1137 2885 1239 2951 felicis
1276 2885 1514 2951 recordacionis

321 3012 404 3077 pape
420 2990 463 3055 V.
487 2992 620 3076 eiusque
642 2988 748 3055 bullas
771 3012 845 3055 cum
868 2989 1016 3056 omnibus
1039 2993 1072 3055 in
1095 2992 1141 3055 eis
1164 2998 1314 3055 contenta
1330 2989 1515 3055 confirmari

321 3093 528 3160 obtinuerunt
557 3097 591 3159 in
620 3093 804 3160 huiusmodi
826 3096 1057 3180 exempcionis,
1080 3116 1143 3181 que
1165 3094 1284 3180 fatigiis
1307 3104 1339 3160 et
1360 3096 1514 3181 impensis

321 3197 494 3265 difficulter
516 3198 648 3264 obtenta
670 3198 738 3283 fuit,
762 3221 825 3264 non
849 3221 988 3285 parvum
1010 3197 1233 3285 preiudicium,
1256 3200 1317 3264 nisi
1340 3198 1446 3263 denuo
1469 3198 1514 3264 ab

321 3326 360 3369 ea
389 3302 544 3369 recedere
574 3303 709 3388 velletis,
740 3325 850 3369 coram
879 3303 1150 3369 reverendissimo
1178 3302 1306 3369 domino
1328 3301 1511 3369 Saltzebur-

320 3411 413 3494 gensi
442 3407 567 3495 prefato
596 3407 721 3495 litigare
752 3409 883 3473 minime
913 3408 1020 3492 liceat,
1050 3430 1093 3472 ex
1116 3430 1179 3495 quo
1202 3406 1325 3472 nullum
1347 3408 1407 3471 nisi
1430 3429 1514 3473 sum·

319 3534 409 3579 mum
437 3514 623 3600 pontificem
653 3522 708 3578 aut
738 3513 920 3599 specialiter
950 3513 993 3578 ab
1024 3535 1062 3578 eo
1097 3512 1282 3598 delegatum
1316 3532 1513 3597 cognoscere

320 3620 457 3703 possitis.
501 3617 620 3684 (loram
650 3616 810 3682 iudicibus
833 3620 865 3682 in
888 3619 1045 3704 rescripto
1068 3616 1152 3682 datis
1175 3618 1242 3681 sitis
1266 3624 1443 3699 contentus,
1467 3637 1515 3681 re

321 3721 553 3788 verendissimo
581 3721 711 3788 domino
732 3722 917 3787 Pataviensi
948 3730 981 3787 et
1002 3721 1248 3809 quibuscunque
1271 3718 1514 3807 impetitoribus,

321 3828 355 3892 in
387 3836 542 3914 quantem
572 3831 618 3892 eis
647 3826 821 3892 iurisdictio
853 3834 1022 3913 competat,
1050 3824 1258 3913 respondere,
1280 3847 1322 3889 ne
1344 3823 1516 3890 videamur

321 3931 404 3997 velle
435 3932 559 4020 absque
588 3934 718 3997 racione
748 3932 848 3996 vitem
876 3929 1006 4016 degere.
1051 3931 1123 3995 Hiis
1145 3929 1240 3995 facile
1262 3927 1457 4014 indignacio,
1487 3931 1515 3993 si

322 4059 387 4123 qua
409 4047 566 4124 concepta
587 4036 670 4103 foret
691 4035 953 4102 adversariorum
975 4037 1169 4122 sugestione,
1192 4058 1212 4100 a
1233 4033 1409 4121 precordiis
1424 4034 1514 4119 regie

321 4145 495 4208 maiestatis
525 4141 773 4229 propulsabitur.
818 4139 1036 4205 Absolucione
1067 4138 1198 4205 obtenta
1231 4136 1420 4204 instruenda
1454 4139 1516 4203 erit

322 4269 420 4312 causa
449 4246 601 4312 nullitatis
630 4268 727 4333 super
756 4246 915 4333 pretensis
944 4246 1131 4309 visitatione
1159 4253 1191 4309 et
1221 4264 1432 4309 censurarum
1459 4244 1515 4307 ini·

321 4372 387 4438 qua
415 4351 642 4418 fulminacione
673 4361 705 4417 et
731 4373 790 4438 pro
812 4348 994 4416 huiusmodi
1017 4349 1182 4415 sentencia
1205 4369 1406 4434 summopere
1429 4346 1516 4413 labo

320 4465 419 4523 retur.
464 4455 518 4520 Ex
545 4454 683 4521 adverso
710 4458 737 4520 si
765 4454 973 4521 deducuntur
999 4453 1119 4519 malum
1141 4455 1298 4540 regimen,
1322 4450 1515 4539 dilapidacio

319 4559 478 4626 bonorum
501 4570 533 4625 et
555 4560 736 4625 huiusmodi
759 4560 904 4624 facinora
919 4556 1054 4641 abbatis,
1079 4566 1175 4644 prout
1189 4578 1297 4623 coram
1313 4557 1404 4643 regin
1419 4559 1514 4622 maie·

321 4674 402 4730 state
426 4665 540 4730 similia
563 4676 791 4751 exposuerunt,
815 4663 989 4750 replicetur
1003 4665 1064 4729 ista
1078 4664 1241 4748 respicere
1257 4663 1427 4747 negocium
1443 4682 1515 4747 pro·
