3406 5300
348 412 412 477 298

348 606 426 687 toeip
454 608 523 670 aad
552 605 670 671 Hanno
700 607 856 689 Stawner,
886 611 1003 673 seinem
1026 611 1182 676 Verweser
1207 633 1249 677 aa
1271 612 1460 695 Mowttam,
1483 616 1552 698 auf

348 710 409 773 deo
438 711 605 793 kdaftipea
636 712 772 796 Freitap
801 714 883 779 roob
913 716 996 780 saud
1025 715 1237 800 Motbewstap
1262 717 1365 802 (sept.
1389 719 1448 803 23)
1474 741 1544 784 oer-

348 814 477 880 schobeo
507 816 595 895 bobr,
626 838 671 882 arr
700 818 843 884 melotem
873 820 930 885 der
952 819 1017 886 Aoo
1045 842 1086 885 aa
1108 823 1244 887 Krembs
1265 843 1322 888 vor
1342 823 1409 888 itam
1430 845 1472 889 aa
1494 847 1544 890 er·

347 918 492 984 arbonen
514 920 602 999 tabe,
632 925 764 1005 worurrf
780 923 934 989 rersobeo
956 925 1022 990 rom
1044 926 1113 991 arrd
1134 927 1203 991 dem
1226 927 1378 1010 ebenfalls
1399 929 1546 994 eitmrten

346 1023 494 1088 Stawrrer
515 1025 575 1091 das
598 1026 717 1091 Verbr'ir
737 1029 806 1093 und
828 1029 884 1093 der
906 1028 1144 1112 Urtlreilspruolr
1165 1031 1303 1115 erfolpen
1325 1033 1417 1098 wird.

451 1147 573 1212 Datum
588 1149 621 1214 in
637 1148 733 1235 opido
748 1149 893 1215 Krembs
909 1150 960 1216 die
976 1174 1062 1218 nona
1077 1155 1196 1219 mensis
1212 1153 1404 1241 septembris
1416 1154 1543 1243 (1496).

451 1348 533 1415 Orig,
557 1351 622 1417 Pap.
652 1351 778 1403 Deutseh.
810 1352 946 1403 Petsehaft
964 1369 1018 1403 war
1035 1362 1115 1405 unter
1132 1355 1314 1422 Papierdeeke
1332 1356 1381 1407 auf
1396 1357 1443 1407 der
1455 1358 1544 1408 Ruel-

346 1437 413 1488 seite
430 1437 459 1487 in
477 1438 580 1489 rothem
593 1438 708 1489 Wsebse
726 1439 911 1505 anigedrtlekt.

390 1691 492 1759 2136.
1061 1699 1145 1758 leot
1161 1701 1336 1774 September
1348 1702 1399 1769 23,
1416 1703 1499 1761 Bon.

347 1885 479 1949 Beriobt
501 1885 554 1949 des
576 1884 701 1966 Rupert
723 1883 832 1965 Spiepl
853 1905 897 1949 arr
912 1885 977 1950 Aor
999 1885 1147 1952 Matbios
1161 1886 1190 1952 I.
1214 1908 1274 1952 voa
1290 1888 1444 1972 Gottroeigr
1466 1890 1545 1955 dher

344 1990 430 2055 seiae
451 1989 682 2072 Bomitbanpen
708 1988 758 2053 als
779 1988 975 2054 Procurator
1002 1990 1055 2055 des
1077 1992 1192 2074 Stiftes
1218 2014 1263 2056 arr
1290 1993 1347 2058 der
1368 1995 1545 2059 romiseberr

645 2093 741 2161 (torre
762 2095 798 2158 iri
821 2095 928 2160 dassen
950 2095 1239 2179 Aoqeleqenheirea.

449 2289 532 2357 Copia
549 2291 577 2340 in
596 2289 660 2341 Cod.
674 2292 725 2341 894
744 2289 831 2356 (rothe
849 2306 898 2352 nr.,
917 2288 1067 2359 untoIIIert)
1086 2290 1132 2342 des
1151 2292 1316 2360 Gtttweiger
1333 2293 1544 2346 Ila-CsbInetes

346 2394 394 2428 aus
412 2377 472 2429 dem
490 2378 589 2428 XVIII.
602 2377 696 2429 Jabrh.

448 2550 642 2617 Reverendo
657 2559 759 2637 pater,
784 2549 912 2615 domine
928 2550 1164 2617 colendissimo!
1189 2561 1249 2618 etc.
1274 2553 1433 2619 DomInus
1450 2555 1541 2643 Hye-

345 2661 507 2724 ronimus·
530 2656 732 2742 Radperger,
756 2679 787 2720 v.
804 2678 829 2720 r.
845 2677 877 2743 p.
899 2656 1095 2742 capellanus,
1120 2657 1171 2723 die
1193 2657 1423 2724 decimanona
1444 2659 1542 2726 huius

344 2766 463 2830 mensis
485 2763 588 2848 (Sept.
605 2763 663 2845 19)
685 2784 719 2826 se
743 2763 929 2847 conspectui
952 2784 1023 2826 meo
1046 2764 1265 2847 praesentavit
1286 2763 1394 2829 literas
1413 2786 1445 2851 p.
1462 2788 1494 2830 v.
1511 2789 1537 2832 r.

345 2868 558 2934 credentiales
575 2866 751 2952 offerendo,
768 2866 884 2954 quibus
900 2865 1049 2952 perlectis
1065 2867 1360 2955 interloquendum
1377 2868 1438 2934 sibi
1454 2892 1540 2935 eom·

344 2976 477 3040 missum
508 2972 637 3038 dicebat
665 2982 808 3037 vestram
838 2995 863 3035 r.
886 2994 918 3058 p.
942 2971 1117 3058 plurImum
1139 2971 1301 3059 demirari,
1325 2973 1412 3061 quod
1434 2974 1537 3041 breve

343 3090 432 3145 tanto
461 3089 605 3165 tempore
636 3099 735 3164 super
763 3100 799 3142 re
829 3076 906 3141 mihi
939 3079 1067 3163 cognita
1099 3077 1322 3164 inexpeditum
1356 3081 1539 3165 mansisset,

345 3207 418 3250 eum
442 3206 479 3249 eo
503 3194 612 3248 vestra
634 3208 659 3248 r.
677 3204 708 3268 p.
725 3182 898 3268 plurimum
920 3181 1089 3267 indigeret.
1125 3182 1185 3249 Oui
1209 3205 1252 3248 ex
1275 3183 1375 3249 literis
1397 3186 1538 3251 missivis

343 3299 471 3355 vestrae
495 3313 520 3353 r.
536 3310 567 3373 p.
584 3288 692 3352 literas
715 3287 914 3353 inhibitorias
937 3288 1099 3373 quaesitas
1122 3290 1154 3353 in
1170 3287 1287 3353 faeiem
1303 3287 1447 3374 exhibui,
1470 3292 1538 3376 qui-

343 3394 404 3459 bus
431 3416 483 3459 me
506 3391 701 3480 culpandum
724 3393 757 3456 in
779 3390 983 3477 negligentiis
1006 3394 1113 3457 minus
1135 3396 1217 3457 iuste
1240 3403 1352 3480 aperte
1376 3396 1537 3478 cognovit.

342 3500 427 3564 Nam
457 3497 581 3563 dudum
611 3519 641 3582 p.
665 3520 697 3560 v.
721 3519 746 3560 r.
771 3506 803 3561 et
834 3498 1005 3561 conventui
1040 3518 1138 3584 super
1172 3497 1414 3563 confirmatione
1448 3501 1538 3564 satis-

343 3605 500 3687 fecissem,
532 3612 627 3688 prout
649 3624 691 3666 ex
714 3603 865 3687 magistro
888 3600 1109 3666 Maximiliano
1132 3601 1359 3687 Idgernreuter
1382 3611 1415 3667 et
1437 3601 1538 3668 literis

343 3709 432 3792 meis,
456 3710 482 3771 si
504 3706 547 3771 ad
570 3728 684 3771 manns
706 3716 833 3771 vestrae
856 3729 881 3770 r.
898 3727 930 3790 p.
946 3708 1179 3791 pervenissent,
1203 3728 1284 3793 quas
1304 3728 1378 3770 oum
1395 3705 1537 3791 quodam

343 3812 471 3877 domino
493 3811 637 3876 Iohanne
668 3810 766 3895 strigl
799 3834 842 3875 ex
864 3810 1059 3897 Landsperg
1083 3833 1140 3896 pro
1163 3810 1331 3876 ordinibus
1354 3813 1456 3875 saeris
1478 3834 1538 3897 per

342 3918 529 4002 magistrum
561 3914 741 4001 Oasparum
771 3914 859 3981 Stolz
889 3915 932 3980 ad
963 3937 1015 3980 me
1045 3917 1142 3981 misso
1173 3917 1254 3998 misi,
1288 3917 1349 4002 ipsi
1383 3917 1537 4001 magistro

341 4021 477 4108 Caspari
499 4022 620 4107 pariter
641 4028 765 4085 vestras
789 4018 903 4084 detulit
918 4018 1078 4107 epistolas,
1102 4042 1200 4106 aquo
1216 4022 1243 4084 si
1258 4029 1367 4106 partes
1383 4020 1536 4086 Austriae

341 4128 491 4211 attigerit,
515 4127 703 4192 sciscitetur.
750 4123 950 4210 Scripseram
972 4127 1056 4190 inter
1078 4123 1150 4209 alia,
1175 4125 1312 4212 qualiter
1334 4125 1536 4191 reverendus

342 4230 490 4296 dominus
520 4240 628 4295 noster
658 4230 827 4316 episeopus
850 4230 1052 4295 Pataviensis
1081 4228 1225 4315 undique
1256 4229 1349 4295 nobis
1371 4232 1459 4295 viam
1482 4254 1536 4295 ex-

341 4334 495 4422 pediendi
525 4345 557 4400 et
586 4334 686 4400 breve
719 4344 750 4399 et
779 4333 883 4400 bullas
911 4344 1021 4421 aptata
1043 4336 1075 4399 in
1100 4333 1159 4398 eob
1183 4385 1420 4401 ........
1444 4357 1534 4400 reve·

341 4440 522 4505 rendissimi
556 4438 675 4504 domini
705 4441 804 4504 nostri
834 4438 1006 4504 cardinalis
1037 4438 1189 4505 Senensis
1219 4438 1296 4504 lieet
1325 4438 1533 4524 obstruxerit,

341 4719 424 4776 2136.
445 4732 458 4757 ⁸
477 4723 539 4772 Cod.
559 4750 592 4759 -
611 4723 624 4755 ¹³
642 4723 697 4772 Der
709 4722 776 4772 Sinn
795 4723 830 4771 ist
847 4720 948 4787 infolge
961 4722 1037 4772 einer
1048 4719 1214 4787 Auslassung
1227 4720 1274 4771 des
1286 4720 1413 4785 copisten
1426 4719 1532 4773 unklsr.
