3406 5300
1344 415 1405 481 361

212 608 338 676 Nicolai
360 633 403 675 ex
426 632 556 676 camera
577 633 642 677 non
664 612 773 698 parvis
795 610 959 676 laboribus
983 620 1015 676 et
1038 611 1189 697 impensis
1214 604 1407 694 extractum,

213 715 301 803 quod
329 717 449 803 optime
478 726 610 805 propter
639 728 883 784 conservatores
912 720 946 782 in
976 740 1016 783 ea
1046 716 1217 804 deputatos
1245 714 1408 781 custodire

212 819 343 886 suadeo.
389 822 528 909 Insuper
556 821 725 888 exhibebit
754 822 918 911 quoddam
948 832 1112 908 sumptum
1134 820 1311 901 {cuiusdam
1334 843 1408 885 con-

213 924 392 990 fessionalis
413 948 472 1012 pro
493 924 593 991 nobili
614 928 694 1012 viro,
718 926 847 993 domino
870 926 1010 992 Martino
1034 924 1251 1012 Egenburger
1275 928 1408 1011 eiusque

215 1052 318 1094 uxore
340 1041 373 1095 et
394 1029 514 1115 liberis,
538 1031 624 1117 quod
647 1053 679 1118 p.
696 1054 728 1097 v.
744 1056 770 1097 r.
795 1030 901 1099 eidem
924 1034 1103 1118 presentari
1125 1030 1231 1096 faciet.
1266 1028 1409 1094 Labora-

215 1136 321 1199 vimus
344 1134 404 1199 hiis
428 1134 543 1202 diebus
565 1147 711 1203 extreme
735 1160 794 1225 pro
816 1140 888 1224 ipsa
907 1136 996 1202 bulla
1011 1137 1231 1222 exempcionis
1247 1133 1410 1214 habenda,

216 1261 275 1326 pro
306 1262 370 1325 qua
399 1239 508 1305 clerici
532 1264 661 1307 camere
684 1244 916 1329 quinquaginta
940 1240 1075 1306 ducatos
1097 1261 1156 1326 pro
1178 1238 1334 1305 iocalibus
1357 1261 1410 1324 pe-

215 1352 296 1409 tunt.
342 1341 453 1409 Obtuli
484 1347 606 1431 viginti,
637 1344 696 1411 sed
717 1356 917 1412 recusarunt.
965 1344 1102 1429 Videbo,
1125 1343 1276 1411 siXXX
1297 1341 1412 1408 haberi

216 1450 327 1534 possit,
355 1470 434 1534 quos
457 1449 619 1517 Iohannes
642 1451 758 1534 Zinck,
785 1452 888 1518 factor
911 1450 1141 1537 Fugkerorum
1162 1451 1197 1515 in
1218 1447 1320 1533 Urbs,
1344 1460 1411 1513 mu·

216 1563 310 1620 tuare
337 1555 453 1620 intuitu
474 1559 674 1641 paternitatis
695 1581 727 1623 v.
751 1581 777 1623 r.
801 1558 955 1644 promisit.
1001 1556 1036 1622 Si
1059 1554 1192 1621 eosdem
1213 1576 1342 1641 quoque
1364 1575 1412 1618 re-

219 1661 328 1745 cipere
359 1660 566 1745 recusabunt,
594 1662 808 1747 supersedere
839 1663 945 1747 statui,
977 1659 1081 1727 donec
1111 1670 1253 1726 mentem
1275 1660 1412 1746 paterni·

218 1766 292 1828 tatis
325 1765 371 1848 [v.
398 1766 440 1848 r.]
475 1786 573 1851 super
607 1789 646 1831 ea
679 1790 715 1832 re
748 1766 902 1833 habuero.
949 1765 1087 1832 Videtur
1120 1764 1198 1830 mihi
1227 1786 1353 1830 summa
1382 1763 1412 1828 L

220 1867 411 1934 ducatorum
440 1872 534 1934 nimis
564 1870 785 1937 exhorbitans.
830 1872 936 1937 Huius
963 1869 1051 1936 bullo
1074 1868 1272 1955 originalem,
1296 1867 1413 1954 suppli·

219 1975 385 2038 cacionom
418 1996 517 2040 manu
553 1977 683 2062 propria
720 1976 879 2063 pontificis
914 1979 1073 2062 signatam
1106 1977 1140 2040 in
1171 1976 1414 2060 presenciarum

220 2100 349 2165 quoque
381 2081 479 2145 mitto.
524 2081 673 2146 Kilianus
704 2081 795 2167 Geyr
824 2081 874 2146 his
906 2079 1021 2146 diebus
1051 2078 1187 2145 obtinuit
1216 2080 1414 2146 sentenciam

220 2182 299 2248 alias
328 2185 362 2248 in
392 2184 536 2250 favorem
566 2185 734 2251 Michaelis
762 2185 921 2273 Huepher
943 2208 1041 2272 super
1063 2183 1255 2272 parrochiali
1277 2183 1416 2249 ecclesia

221 2290 254 2353 in
276 2288 367 2354 Kulb
389 2300 497 2355 vestre
519 2314 545 2356 r.
569 2313 601 2377 p.
626 2291 809 2357 collusionis
831 2291 903 2357 latis
925 2292 1074 2357 revocari
1096 2301 1129 2356 et
1150 2290 1277 2356 titulum
1299 2298 1333 2355 et
1354 2289 1416 2354 col·

221 2392 377 2459 lacionem
416 2393 610 2460 ordinariam
649 2398 843 2462 canonizari.
895 2396 1046 2463 Ceteram
1082 2397 1151 2482 ipse
1186 2393 1335 2460 dominus
1367 2393 1416 2458 Io·

221 2496 346 2564 bannos
369 2521 522 2565 enarrare
546 2502 634 2566 sciet.
680 2501 752 2566 Hiis
775 2524 827 2566 me
849 2503 1033 2588 paternitati
1055 2524 1088 2565 v.
1111 2523 1137 2565 r.
1161 2499 1205 2564 ad
1227 2508 1304 2564 vota
1324 2519 1416 2584 para·

221 2604 379 2668 tissimum
401 2605 511 2670 offero.
556 2605 610 2670 Ex
633 2604 725 2672 Urbe
748 2605 801 2672 die
824 2627 909 2672 nona
931 2607 1009 2671 iunii
1032 2627 1117 2670 anno
1141 2613 1201 2669 etc.
1225 2603 1277 2670 99.

326 2725 454 2791 Eximio
481 2748 512 2813 p.
537 2750 568 2793 v.
592 2750 617 2792 r.
642 2726 859 2793 deditissimus
885 2729 1056 2793 inservitor
1082 2724 1272 2813 R(upertus)
1296 2723 1416 2811 Spiegl.

266 3004 370 3072 2204.
1141 3010 1224 3069 1499
1239 3011 1309 3068 Junl
1322 3009 1373 3068 ts.

328 3198 432 3263 Hansl
455 3198 609 3283 Strasser,
633 3208 737 3265 etwan
761 3198 820 3265 des
835 3196 1041 3264 Kchobolten
1064 3220 1106 3264 zu
1120 3197 1272 3262 Mautarn
1296 3195 1417 3278 diener,

225 3301 282 3367 hat
308 3303 583 3390 auffentphangen
612 3327 695 3369 nucz
719 3306 786 3369 und
809 3327 919 3391 gewer
943 3302 1179 3392 1l5veldlehon
1202 3325 1243 3368 nu
1266 3302 1419 3368 Mantarn

225 3406 310 3471 nach
339 3408 624 3494 Pawgartnerwsg
657 3408 794 3497 gelegeu
830 3412 887 3476 mit
919 3412 1025 3476 seiner
1058 3408 1281 3496 zugehorung,
1312 3407 1419 3473 davan

225 3534 302 3575 man
332 3511 401 3577 dint
423 3513 531 3599 Egidii
553 3514 587 3578 X
609 3536 724 3579 mecon
752 3514 954 3600 vogthabern
985 3538 1050 3602 gau
1074 3512 1273 3600 Gotdweig),
1304 3512 1355 3577 IlI
1376 3519 1417 3579 ab.

226 3616 348 3682 darauf
371 3617 439 3683 und
462 3618 510 3682 VI
534 3618 765 3706 snitpfhening‚
794 3619 841 3685 als
864 3619 930 3686 dan
952 3622 1011 3686 mit
1032 3617 1193 3705 geschdfft
1213 3639 1279 3681 van
1300 3616 1421 3682 Erhart

225 3720 400 3807 Kchoboh,
424 3731 529 3788 etwan
552 3723 673 3789 richter
695 3748 736 3789 zu
759 3724 921 3810 Mautarn,
945 3748 987 3790 an
1011 3722 1073 3788 den
1097 3731 1261 3809 penanten
1276 3721 1421 3788 Strassor

226 3825 388 3891 kchomen
411 3829 452 3892 ist
472 3827 541 3894 laut
562 3831 652 3893 aines
675 3829 835 3916 gesohdfft
856 3831 890 3894 in
911 3825 1116 3915 gruntpucoh
1139 3850 1181 3892 zu
1203 3824 1345 3891 Krembs
1366 3847 1420 3912 ge·

226 3928 389 3995 schriben.
434 3931 554 3997 Actum
584 3935 618 3998 in
648 3932 700 3999 die
730 3934 819 4000 Petri
850 3944 882 3999 et
911 3933 1013 3999 Pauli
1042 3932 1258 4018 apostolorum
1286 3929 1328 3995 99
1351 3952 1422 4016 pre·

227 4044 318 4099 sente
340 4036 433 4101 Hans
456 4036 543 4101 Kuol
565 4060 631 4103 van
646 4037 864 4104 Wesendarff.

331 4211 411 4262 Notis
428 4212 457 4262 in
475 4212 539 4263 Cod.
551 4213 579 4262 H
597 4213 615 4263 f.
629 4215 688 4263 234.

272 4403 378 4472 2206.
1047 4411 1131 4471 1499
1146 4412 1217 4468 luni
1229 4411 1280 4477 so,
1297 4412 1379 4467 Rem.

229 4595 295 4661 Ast
317 4595 463 4662 Witaeon
484 4617 544 4661 ooo
559 4596 762 4681 humour
783 4596 957 4679 oerspricht
970 4596 1036 4663 Ast
1050 4597 1198 4663 Marsos
1212 4595 1241 4661 I.
1256 4615 1318 4660 oon
1332 4591 1422 4659 Gott-

231 4703 318 4784 wcip,
341 4701 408 4767 sich
428 4703 532 4767 sciuer
554 4701 603 4767 uls
622 4700 906 4768 Generolvisitotor
927 4702 996 4766 aad
1015 4699 1211 4767 Proctuotor
1232 4700 1287 4765 dos
1301 4697 1424 4764 &deus
