3916 5292
1313 406 1376 479 401

183 604 331 690 prestitit,
358 603 477 670 deinde
501 602 600 669 ceteri
623 614 655 670 et
677 614 750 690 post
771 604 942 691 prandium
959 604 1107 670 dominus
1121 604 1380 687 interrogabatur

186 707 227 772 de
250 710 394 794 singulis.
433 708 515 774 Item
537 710 599 795 ipsi
621 711 725 774 eciam
748 711 855 774 omnia
877 711 1060 774 monasterii
1083 708 1252 795 privilegia
1273 717 1377 795 postn-

183 812 304 895 labant,
336 835 398 899 que
430 823 461 878 et
490 815 568 898 ipsis
599 823 785 899 presentata
813 823 914 878 erant.
961 814 1127 899 Deinceps
1150 812 1378 878 monasterinm

184 918 387 982 intraverunt
408 917 593 983 monialium
616 927 648 983 et
670 917 814 983 similiter
835 918 982 983 fecerunt
1005 929 1036 982 et
1057 917 1173 983 eodem
1196 916 1248 981 die
1271 917 1378 982 audie-

185 1031 260 1086 runt
290 1023 429 1107 priorem
461 1032 493 1087 et
521 1021 698 1108 plebanum
729 1034 761 1087 et
790 1035 884 1089 sexte
913 1023 996 1087 feria
1018 1025 1164 1109 sequenti
1187 1044 1245 1087 nos
1268 1043 1378 1087 omnes

185 1125 382 1190 audiverunt
413 1129 558 1213 exceptis
588 1149 652 1192 non
682 1128 844 1213 professis,
873 1129 1013 1214 quinon
1036 1125 1296 1191 admitebantur·
1318 1148 1379 1190 nec

185 1230 477 1316 interrogabantur.
524 1231 668 1298 Sabbato
702 1235 878 1297 sessionem
912 1231 1076 1297 faciebant
1109 1235 1141 1296 in
1175 1231 1314 1318 capitulo
1348 1241 1380 1294 et

187 1334 336 1400 dominus
368 1338 454 1421 prior
485 1335 526 1401 de
550 1336 755 1402 Gemnichko
784 1339 816 1401 in
847 1336 988 1402 medium
1016 1335 1170 1422 produxit
1192 1356 1302 1400 omnes
1325 1356 1379 1399 ex*

187 1461 308 1522 cessus,
339 1441 372 1504 in
402 1439 519 1525 quibus
550 1440 738 1525 reprehensi
770 1463 898 1506 eramus
925 1439 1109 1527 incipiendo
1132 1463 1152 1505 a
1175 1440 1302 1505 domino
1325 1439 1380 1503 ab

186 1543 261 1609 bate
293 1543 483 1630 corrigendo
515 1566 601 1629 eum,
628 1567 670 1609 ne
693 1545 826 1611 ulterius
848 1544 902 1610 illa
924 1546 1056 1628 faceret,
1081 1556 1114 1609 et
1136 1545 1284 1610 omnibus
1306 1543 1380 1609 allo

188 1647 363 1733 quebatnr:
397 1647 579 1713 comedistis
608 1671 732 1733 carnes,
756 1651 788 1714 in
811 1648 928 1736 plumis
951 1651 1093 1714 iacuistis
1116 1659 1149 1713 et
1169 1647 1379 1713 lintheamini-

187 1751 249 1817 bus
280 1762 312 1816 et
341 1751 420 1816 nudi
450 1763 548 1817 usus*
577 1753 681 1818 fuistis
704 1752 837 1837 balneis,
861 1775 926 1819 non
948 1755 1094 1818 tenuistis
1116 1755 1235 1818 ieiunia
1256 1751 1380 1838 regula·

186 1858 273 1941 riter,
304 1877 368 1921 non
397 1859 542 1921 tenuistis
572 1856 739 1923 silenciunr
770 1870 843 1944 post
872 1857 1125 1943 completorium,
1156 1859 1189 1921 in
1217 1855 1325 1940 choro,
1348 1859 1379 1920 in

189 1959 373 2026 dormitorio
403 1971 436 2025 et
465 1961 586 2026 ambitu
617 1984 656 2027 ac
683 1964 715 2027 in
745 1963 913 2028 refectorio
937 1971 969 2026 et
992 1965 1099 2027 omnia
1121 1972 1197 2027 vota
1219 1961 1382 2048 regularia

188 2064 376 2149 neglexistis
406 2067 439 2130 in
470 2066 563 2132 vobis
593 2076 626 2131 et
652 2069 686 2133 in
707 2067 779 2132 filiis
802 2069 917 2132 vestris
941 2077 1002 2132 etc.
1047 2068 1249 2153 Paupertatis
1271 2065 1381 2131 volun·

187 2178 287 2234 tatem
316 2192 380 2235 non
408 2172 562 2253 tenuistis,
594 2173 670 2236 estis
701 2170 879 2257 culpabiles
908 2174 942 2236 in
968 2171 1030 2236 illis
1052 2182 1085 2237 et
1108 2171 1255 2236 dominus
1278 2170 1381 2236 abbas

189 2272 310 2339 aiebat:
342 2276 375 2339 in
405 2273 465 2338 hiis
496 2274 643 2340 omnibus
672 2275 772 2341 reddo
796 2297 847 2340 me
871 2274 1075 2361 culpabilem.
1122 2274 1227 2340 Vultis
1251 2284 1311 2339 etc.
1335 2273 1380 2338 nl·

191 2381 290 2445 terius
313 2378 488 2444 emendare
512 2390 544 2443 et
566 2381 677 2444 vivere
701 2380 879 2446 secundum
903 2380 1047 2466 regulam
1071 2402 1095 2445 s.
1111 2379 1306 2445 Benedicti?
1340 2379 1382 2444 Et

189 2484 337 2549 dominus
370 2484 551 2570 respondit:
585 2485 757 2551 reverendi
787 2486 911 2571 patres!
957 2486 1028 2571 Ego
1059 2507 1130 2549 sum
1164 2484 1279 2549 debilis
1312 2505 1382 2568 per-

188 2597 294 2672 sone,⁸
318 2590 350 2652 in
373 2598 528 2674 quantum
551 2587 644 2653 valeo
667 2599 699 2653 et
721 2611 861 2675 possum,
883 2588 1023 2654 libenter
1045 2588 1117 2654 volo
1140 2588 1249 2653 faeere
1272 2598 1305 2653 et
1327 2588 1382 2653 ad·

188 2693 331 2780 implere.
377 2694 419 2757 Et
452 2695 552 2779 prior:
588 2692 648 2758 deo
678 2697 815 2777 gracias,
842 2693 907 2759 sed
938 2693 979 2758 de
1009 2695 1187 2779 penitentia
1216 2694 1309 2757 vobis
1338 2694 1382 2756 in-

189 2797 354 2885 iungenda
376 2798 571 2865 deliberabo.
617 2800 660 2864 Et
681 2802 727 2865 ita
749 2800 882 2884 singulis
906 2798 989 2863 dixit
1011 2809 1091 2864 ete.⁰

360 2938 485 3005 Statuta
508 2940 707 3004 visitatorum
730 2941 761 3004 in
786 2941 977 3005 monasterio
1001 2937 1207 3003 Gotwieensi.

293 3063 375 3128 Item
398 3086 417 3126 a
440 3062 656 3128 visitatoribus
672 3065 774 3149 primo
790 3061 1024 3143 instituebatur,
1049 3061 1135 3148 quod
1152 3062 1258 3125 omnia
1275 3059 1382 3124 officia

190 3190 255 3233 non
279 3177 488 3232 cantarentur
509 3179 618 3253 preter
641 3166 806 3253 publicum
830 3177 862 3232 et
884 3166 926 3231 de
942 3166 1004 3248 die,
1028 3166 1090 3230 hoc
1106 3176 1155 3230 est
1170 3165 1211 3230 de
1227 3174 1381 3250 tempore.

190 3271 273 3337 Item
304 3270 391 3358 quod
421 3270 588 3336 sileneium
617 3272 760 3337 habeant
782 3275 814 3336 in
838 3272 935 3337 choro
958 3272 1128 3336 refectorio
1151 3269 1273 3334 ambitu
1297 3270 1382 3332 etin

191 3375 383 3442 dormitorio.
429 3376 511 3442 Item
543 3375 628 3462 quod
658 3378 690 3440 in
713 3376 837 3441 ambitu
859 3379 920 3441 tria
942 3375 1084 3441 habeant
1105 3374 1187 3460 loca,
1210 3377 1241 3438 in
1266 3372 1383 3460 quibus

190 3480 332 3546 audeant
358 3480 453 3567 loqui.
500 3480 582 3545 Item
609 3482 716 3544 omnia
745 3481 791 3545 eis
815 3485 996 3545 communia
1020 3489 1121 3544 erunt.
1166 3479 1249 3543 Item
1272 3500 1383 3542 omnes

191 3585 350 3652 domicelli
381 3586 517 3671 professi
545 3584 692 3649 locentur
721 3584 764 3648 ad
794 3584 907 3649 sedilia
937 3587 970 3649 in
1001 3583 1098 3649 choro
1129 3594 1161 3648 et
1191 3585 1237 3647 eis
1259 3592 1383 3647 tantum

192 3690 286 3755 detur
308 3690 348 3755 de
373 3688 539 3775 prebenda
561 3691 644 3753 sicut
667 3698 698 3753 et
721 3688 857 3753 dominis
881 3700 913 3753 et
935 3688 1078 3754 habeant
1101 3687 1236 3752 comoda
1258 3689 1290 3751 in
1314 3685 1383 3750 dor·

192 3796 315 3859 mitorio
337 3795 429 3858 mixti
452 3795 534 3857 inter
557 3791 711 3858 dominos.
745 3793 828 3857 Item
852 3792 980 3857 cottidie
1004 3791 1186 3857 celebretur
1209 3789 1383 3877 capitulum

192 3911 224 3963 et
247 3901 292 3962 eis
309 3896 457 3962 dicantur
472 3899 624 3980 instituta,
647 3919 757 3983 ymmo
773 3906 901 3962 statuta.
932 3896 1014 3961 Item
1030 3895 1171 3960 scolares
1187 3918 1250 3959 non
1265 3896 1385 3959 intrent

192 4006 224 4068 in
255 4002 398 4068 chorum.
444 4002 524 4066 Item
554 4000 716 4086 oblagium
743 4011 793 4067 est
814 4004 891 4087 ipsis
914 4011 1080 4087 receptum
1104 4023 1165 4066 nec
1188 4009 1383 4065 mortuorum

192 4107 299 4193 vigilie
322 4115 492 4172 cantentur
515 4116 547 4170 et
568 4105 786 4192 respondeant
807 4105 1032 4170 ffindatoribus
1054 4127 1112 4190 pro
1134 4105 1250 4190 vigiliis
1273 4125 1384 4169 secun·

193 4213 269 4278 dum
301 4234 469 4277 commune
502 4210 633 4293 dictum,
665 4210 751 4297 quod
774 4210 883 4275 brevis
906 4211 1011 4274 oracio
1034 4219 1184 4295 penetret
1206 4209 1321 4291 celum,
1353 4218 1385 4272 et

192 4319 235 4382 ita
262 4316 372 4381 dicant
398 4339 498 4381 unum
519 4337 592 4400 ‚ave
618 4314 732 4380 Maria‘
756 4324 829 4398 ete,
860 4313 947 4400 quod
971 4337 1045 4379 cum
1069 4312 1186 4378 devota
1210 4311 1315 4378 cordis
1339 4314 1383 4377 in-

193 4424 339 4487 tencione
370 4420 430 4486 deo
461 4421 533 4506 plus
563 4429 689 4505 gratum
720 4429 870 4485 censetur
899 4441 997 4505 quam
1027 4427 1157 4483 centum
1185 4417 1292 4503 vigilie
1316 4419 1383 4481 sine

193 4630 281 4686 2235.
299 4642 311 4667 ⁰
329 4633 384 4682 Dar
401 4631 510 4682 weltere
528 4629 604 4689 fehlt,
627 4629 705 4680 dafflr
727 4628 794 4693 folgt
816 4628 860 4678 die
884 4628 963 4678 Bulle
986 4628 1069 4692 Papet
1086 4626 1208 4677 Martin’s
1221 4627 1253 4679 V.
1271 4643 1296 4676 v.
1318 4627 1384 4675 1418

193 4721 298 4772 dinner
313 4722 354 4780 17,
371 4720 516 4770 Konstaua.

245 4812 352 4854 Pontes.
371 4812 401 4853 11.
411 4811 475 4854 teth.
495 4809 587 4852 ΒΜΝ.
1196 4803 1230 4850 26
