3388 5302
1302 447 1346 515 83

152 636 286 703 bicense
308 638 520 703 translatam'
541 661 623 724 esse,
648 638 689 704 de
713 662 776 726 quo
799 663 863 705 non
886 662 1022 727 parvam
1044 641 1275 708 iocunditatem
1297 665 1348 707 ao-

147 744 222 828 cepi
252 754 331 827 tum,
362 746 437 831 quia
465 744 650 829 gaudebam
673 744 707 809 id
730 748 969 829 monasterium,
994 745 1081 833 quod
1103 757 1178 812 ante
1201 746 1347 833 pluribus

147 869 189 912 ac
219 850 319 913 variis
348 849 585 914 mutacionibus
615 849 810 936 prelatorum
846 851 1008 938 aliquanto
1043 851 1233 938 depressum
1267 860 1345 935 erat,

147 951 205 1017 tali
232 955 297 1018 iam
320 963 412 1039 patre
435 976 474 1019 ac
496 965 623 1020 rectore
646 957 810 1040 provisum
832 956 911 1040 fore,
936 956 996 1021 sub
1021 958 1112 1021 cuius
1135 955 1347 1043 providencia

147 1068 216 1122 tam
247 1057 420 1143 spiritualis
450 1082 490 1125 ac
519 1062 696 1125 monastice
724 1060 889 1146 religionis
912 1060 1125 1125 observancia
1148 1083 1246 1147 qnam
1268 1071 1346 1127 tem·

147 1161 310 1247 poralium
342 1162 624 1229 administracioue
658 1164 826 1248 bonorum,
862 1163 979 1250 quibus
1013 1164 1185 1251 aliquando
1221 1164 1347 1231 habun-

146 1264 267 1331 danter
298 1265 443 1333 dotatum
477 1267 545 1352 fuit,
580 1280 612 1332 et
649 1291 692 1333 ex
730 1267 846 1333 crebra
880 1278 912 1333 et
945 1267 1151 1355 dispendiosa
1184 1269 1344 1335 abbatum

147 1373 332 1436 mutacione
370 1394 410 1436 ac
447 1371 604 1437 bellorum
641 1373 770 1438 turbine
804 1373 981 1460 collapsum
1013 1384 1111 1461 atque
1144 1376 1347 1439 imminutum

147 1473 384 1561 aliquantulum
408 1474 469 1540 deo
492 1485 654 1541 annuente
677 1480 861 1563 respiraret,
886 1477 972 1564 quod
995 1478 1072 1542 mihi
1096 1500 1220 1543 summe
1240 1479 1348 1544 iocun-

148 1579 229 1645 dum
260 1591 513 1667 pergratumque
544 1581 657 1646 audire
689 1581 756 1646 fuit.
803 1582 924 1649 Censui
952 1592 1061 1647 vestre
1091 1585 1275 1669 paternitati
1306 1582 1347 1648 de

149 1707 216 1749 una
245 1707 292 1769 re,
323 1708 386 1771 que
417 1686 539 1751 dudum
567 1688 667 1751 menti
689 1709 761 1752 mee
784 1687 900 1752 insedit
922 1697 956 1752 et
978 1687 1111 1752 dubiam
1132 1689 1236 1752 tenuit
1258 1686 1347 1752 vide·

147 1789 226 1855 licet
256 1788 298 1855 de
328 1812 449 1875 genere
478 1793 547 1856 vita
569 1802 601 1855 et
623 1795 792 1856 sanctitate
815 1791 902 1857 beati
925 1791 1115 1856 Altmanni⁸
1137 1792 1210 1857 olim
1234 1801 1346 1857 sancte

148 1895 354 1960 Pataviensis
382 1896 519 1961 ecclesie
548 1899 691 1982 episcopi
715 1907 747 1961 et
769 1899 955 1961 monasterii
977 1898 1077 1961 vestri
1099 1896 1288 1982 fundatoris,
1312 1907 1348 1962 ut

148 1999 229 2065 alias
260 2005 373 2087 accepi
404 2012 436 2067 et
462 2001 605 2087 vulgaris
629 2001 727 2067 habet
750 2005 854 2088 opinio
878 2011 910 2067 et
932 2024 972 2066 ea
994 2002 1125 2087 quidem
1148 2003 1348 2088 potissimum

148 2108 283 2172 racione
305 2116 338 2171 et
360 2129 469 2193 causa,
493 2130 567 2172 cum
590 2117 623 2172 et
643 2107 697 2172 hio
720 2105 883 2195 quendam
900 2130 942 2172 ex
958 2107 1215 2172 antecessoribus
1230 2109 1347 2172 nostris

149 2220 225 2276 ante
256 2209 510 2297 quadringentos
540 2234 642 2278 annos
671 2212 725 2277 vel
756 2214 884 2277 circiter
912 2210 976 2276 hoc
998 2214 1127 2276 nomine
1149 2210 1347 2298 appellatum

150 2318 287 2402 reperio,
320 2319 374 2403 qui
404 2339 447 2382 ex
477 2317 576 2383 nobili
603 2316 806 2404 quorundam
829 2318 981 2382 comitum
1004 2315 1174 2381 Baioarie⁴
1195 2317 1348 2402 prosapia

150 2423 310 2506 originem
332 2424 470 2487 traxisse
494 2432 526 2487 et
548 2421 711 2509 quodam·
734 2425 963 2487 monasterinm
986 2423 1114 2486 nomine
1137 2419 1273 2487 Snbben
1295 2442 1347 2485 ca-

149 2527 341 2590 nonicorum
368 2527 565 2611 regularium
587 2529 761 2592 instituisse
785 2540 818 2592 et
839 2526 994 2593 fundasse
1016 2526 1128 2611 fertur,
1152 2535 1247 2611 prout
1267 2523 1347 2590 rela-

151 2633 242 2695 cione
278 2631 481 2718 quorundam
514 2631 735 2718 religiosorum
768 2631 851 2696 illius
885 2631 956 2714 loci,
991 2634 1046 2717 qui
1078 2633 1112 2695 in
1145 2631 1347 2695 monasteriis
1431 2690 1432 2693 ,

150 2733 298 2800 eiusdem
327 2735 490 2821 religionis
520 2746 628 2802 nostre
659 2736 795 2801 diocesis
826 2737 946 2801 versati
976 2745 1058 2820 sunt,
1088 2733 1186 2799 didici
1210 2744 1243 2799 et
1264 2735 1348 2799 sicut

150 2841 274 2925 opinor,
297 2840 501 2925 postmodum
522 2840 599 2907 hinc
622 2840 664 2906 ad
689 2840 861 2906 ecclesiam
885 2850 917 2905 et
940 2842 1161 2926 episcopatum
1176 2839 1346 2904 Patavien·

151 2966 220 3009 sem
250 2945 423 3010 translatus
453 2946 535 3010 forte
563 2945 659 3012 fuerit
681 2968 781 3033 opera
802 2956 835 3011 et
856 2944 1021 3010 voluntate
1043 2945 1244 3029 imperatoris
1267 2946 1346 3008 eius-

150 3047 226 3113 dem
247 3050 412 3135 tempcris,
434 3060 530 3136 prout
551 3073 629 3137 sepe
651 3052 773 3117 factum
795 3052 1019 3138 comperimus.
1051 3047 1227 3135 Cupientes
1249 3050 1348 3132 igitur

150 3152 245 3217 huius
281 3157 329 3218 rei
361 3153 534 3240 aliqualem
566 3154 690 3220 habere
720 3157 871 3221 noticiam
901 3176 979 3239 rogo
1010 3162 1042 3218 et
1073 3153 1218 3239 supplico
1248 3173 1279 3238 p.
1303 3175 1346 3236 v,

151 3267 313 3343 quatenus
344 3261 499 3344 originem
528 3282 631 3346 genus
655 3270 688 3325 et
709 3263 847 3346 patriam
870 3263 991 3325 etrite
1014 3281 1053 3322 ac
1076 3258 1255 3322 sanctitatis
1279 3257 1347 3320 eius

150 3362 327 3446 historiam,
363 3385 425 3449 quo
460 3364 548 3451 apud
581 3386 639 3430 vos
673 3366 841 3451 reperitur,
876 3362 1011 3428 rescribi
1044 3363 1154 3427 facere
1189 3370 1221 3426 et
1254 3359 1347 3424 nobis

151 3467 292 3533 eandem
322 3489 380 3553 per
408 3469 542 3534 fratrem
571 3479 717 3535 nostrum
739 3469 930 3534 Heinricum
959 3469 1175 3533 transmittere
1202 3463 1289 3548 velit,
1312 3475 1349 3528 ut

152 3596 193 3638 ex
224 3572 343 3638 eadem
372 3573 551 3659 intelligere
582 3585 614 3640 et
642 3574 755 3639 videre
785 3576 954 3660 possimus,
985 3575 1012 3637 si
1042 3571 1094 3636 hic
1124 3570 1211 3635 idem
1239 3578 1347 3634 nostre

152 3677 290 3743 ecclesie
313 3677 388 3743 olim
410 3687 519 3765 pastor
541 3690 574 3745 et
594 3690 701 3744 rector
723 3679 829 3762 fuerit,
862 3678 903 3743 de
927 3679 1017 3743 cuius
1041 3678 1209 3741 sanctitate
1232 3683 1265 3739 et
1285 3675 1347 3759 piis

152 3782 278 3848 actibus
309 3783 462 3848 nonnulla
492 3783 654 3870 descripta
676 3795 751 3849 sunt
774 3786 859 3847 etin
883 3781 1051 3847 annalibus
1074 3792 1182 3845 nostre
1205 3777 1345 3843 ecclesie

152 3890 333 3974 reperimus
362 3890 531 3973 presertim
562 3889 603 3953 da
633 3890 849 3953 renovacione
872 3886 1064 3951 ecclesiast
1087 3883 1255 3949 dotacione
1279 3904 1345 3946 cer-

152 4003 257 4058 tarum
288 3991 530 4078 prebendarum
561 3991 795 4058 canonicalium
823 4013 951 4056 necnon
983 3987 1199 4055 translacione
1233 3996 1345 4052 sancte

153 4094 328 4162 Maxencie
350 4099 461 4162 matris
484 4101 586 4163 sancti
601 4096 734 4184 Vigilii⁶
752 4098 904 4184 martyris
921 4104 952 4161 et
968 4096 1109 4181 episcopi
1125 4092 1220 4157 huius
1236 4099 1345 4155 nostre

154 4358 234 4413 1845.
256 4371 270 4395 ·
288 4361 350 4413 Cod.

256 4482 340 4535 ’aot
361 4485 466 4536 Lorsna
489 4485 595 4537 Grubcr
615 4484 706 4535 wurde
732 4486 798 4535 1448
820 4484 860 4534 als
883 4483 988 4533 Melker
1010 4481 1117 4533 Profess
1135 4482 1189 4532 Aba
1207 4497 1232 4531 v.
1251 4481 1346 4531 Klein-

155 4568 292 4622 llariaaell
309 4586 335 4622 u.
351 4573 418 4622 1468
437 4573 506 4623 nach
518 4572 574 4622 Mai
588 4574 600 4621 1
614 4572 684 4623 nach
697 4571 832 4636 Gtttweig
843 4570 991 4636 postuliert.
1011 4597 1043 4606 -
1061 4566 1073 4599 ⁸
1091 4568 1227 4628 Altmann,
1239 4567 1351 4617 Bischol

156 4674 205 4708 ron
227 4658 329 4710 Passau
355 4660 421 4709 1066
434 4661 499 4722 -†
519 4661 583 4709 1091
601 4660 670 4725 Aug.
687 4660 711 4708 8.
749 4685 781 4695 -
817 4656 975 4708 ‘altmann
995 4656 1029 4707 de
1046 4656 1172 4717 Bavaria,
1195 4654 1306 4706 Bischol
1320 4669 1346 4702 v.

158 4744 248 4796 Trient
268 4747 333 4796 1124
346 4747 414 4811 Aug.
429 4748 490 4811 -†
511 4747 577 4795 1149
596 4747 669 4796 Mara
682 4747 723 4797 17.
752 4773 784 4782 —·
808 4742 893 4795 “Dor
911 4743 1102 4808 heilVigilius
1121 4749 1229 4807 martyr,
1247 4741 1347 4791 Patron

1158 4831 1190 4879 a*
