3364 5300
287 461 352 526 240

390 653 460 737 Ego
489 652 590 716 frater
613 651 748 717 Maurus
778 650 820 716 de
843 651 1029 716 Mauttarnn
1059 652 1200 737 presenti
1232 648 1378 715 electioni
1405 670 1479 714 con·

285 760 370 824 sensi
393 768 425 821 et
448 759 628 840 consencio,
651 757 724 821 idco
746 778 798 821 me
822 755 897 820 huic
913 754 1043 819 decreto
1059 778 1156 819 manu
1172 757 1303 846 propria
1316 775 1375 840 pro
1390 754 1476 818 testi·

285 865 390 928 monio
413 860 599 946 subscripsi.

390 966 460 1050 Ego
488 964 589 1029 frater
610 963 798 1030 Cristannus
821 963 863 1027 de
887 962 1143 1049 Herczogburga
1166 964 1307 1048 presenti
1331 960 1479 1025 electioni

286 1073 432 1136 consensi
459 1080 492 1135 et
518 1071 696 1151 consensio,
724 1068 798 1132 ideo
820 1091 872 1134 me
896 1068 970 1132 huic
994 1067 1124 1132 decreto
1147 1090 1245 1132 manu
1267 1069 1398 1152 propria
1419 1087 1479 1150 pro

286 1177 464 1241 testimonio
488 1173 671 1260 subscripsi.

389 1280 459 1363 Ego
490 1279 590 1342 frater
613 1277 750 1342 Georius
781 1276 823 1341 de
845 1276 1034 1361 Newburgs
1065 1280 1206 1362 presenti
1229 1276 1381 1342 eleccioni
1405 1298 1480 1340 con·

286 1386 371 1448 sensi
394 1393 427 1446 et
449 1384 623 1463 consentio,
645 1381 718 1445 ideo
741 1403 793 1444 me
816 1381 1041 1445 huicdecreto
1062 1383 1480 1467 manupropriaprotesti-

286 1490 390 1553 monio
413 1486 597 1571 subscripsi.

389 1590 460 1674 Ego
483 1590 583 1653 frater
598 1588 759 1654 lohannes
782 1588 824 1653 de
840 1590 982 1655 Wienna
1004 1594 1146 1675 presenti
1169 1590 1315 1655 electioni
1332 1592 1479 1655 consensi

286 1705 318 1760 et
340 1696 521 1777 consensio,
544 1693 617 1757 ideo
641 1716 691 1758 me
714 1693 789 1758 huic
813 1694 944 1759 decreto
967 1717 1063 1759 manu
1080 1697 1209 1780 propria
1224 1716 1283 1781 pro
1297 1696 1479 1760 testimonio

286 1800 472 1886 subscripsi.

390 1905 461 1989 Ego
483 1904 583 1969 frater
598 1902 739 1968 Michael
762 1903 803 1967 de
819 1903 979 1969 Krembss
1002 1906 1141 1989 presenti
1165 1904 1312 1970 electioni
1329 1908 1477 1970 consensi

286 2021 319 2074 et
341 2011 514 2091 consentio,
539 2009 612 2072 ideo
634 2031 686 2074 me
709 2009 784 2072 lruic
808 2008 939 2073 decreto
962 2031 1060 2073 mann
1080 2012 1210 2095 propria
1224 2032 1283 2094 pro
1298 2012 1480 2074 testimonio

286 2114 471 2199 subscripsi.

390 2218 460 2302 Ego
490 2217 589 2281 frater
612 2217 761 2281 Andreas
790 2217 830 2280 de
854 2196 966 2302 Otting
996 2220 1137 2302 presenti
1160 2218 1307 2284 electioni
1329 2222 1481 2285 consensi

286 2334 319 2387 et
341 2324 521 2405 consensio,
546 2321 617 2386 ideo
640 2344 692 2385 me
715 2321 790 2384 huic
814 2322 946 2385 decreto
968 2344 1067 2385 manu
1083 2325 1212 2408 propria
1225 2345 1284 2409 pro
1299 2327 1481 2388 testimonio

285 2425 470 2511 subscripsi.

390 2582 437 2667 (S.
455 2582 510 2667 N.)
533 2582 603 2667 Ego
625 2583 802 2665 Gregorius
818 2582 1009 2664 DoleatoriS,
1027 2584 1162 2648 clericus
1179 2583 1389 2649 Laibacensis
1404 2587 1481 2651 civi·

284 2690 368 2770 tatis,
391 2686 539 2773 publicus
562 2685 716 2772 imperiali
740 2690 927 2752 auctoritate
950 2691 1103 2771 notarius,
1127 2690 1202 2774 quia
1217 2691 1379 2773 premissis
1396 2688 1479 2754 clec-

283 2793 383 2856 cionis
411 2792 575 2876 processui
606 2790 818 2856 admonicioni
854 2794 1079 2876 protestacioni
1114 2795 1385 2879 compromissioni
1423 2796 1478 2857 sti·

285 2894 444 2981 pulecioni
476 2907 508 2960 et
537 2897 723 2960 iuramentis
755 2918 879 2959 necnon
911 2898 1010 2981 ipsius
1038 2896 1157 2961 domini
1181 2896 1275 2962 electi
1298 2897 1481 2984 promulga-

285 3003 368 3065 cioni
399 3013 431 3064 et
461 3021 654 3064 consenssus
685 3002 910 3085 protestacioni
943 3000 1156 3087 omnibusque
1184 3002 1252 3066 aliis
1281 3013 1313 3067 et
1335 3001 1481 3089 singulis,

286 3103 363 3169 dum
391 3107 472 3168 sicut
494 3106 699 3190 premittitur,
724 3106 806 3167 sicut
829 3115 861 3169 et
883 3115 1065 3190 agerentur,
1089 3129 1229 3171 unacum
1252 3109 1483 3192 prenominatis

285 3208 418 3273 testibus
451 3230 584 3293 presens
615 3208 745 3271 interfui
775 3230 878 3293 eaque
910 3212 954 3273 sic
985 3209 1055 3273 fieri
1087 3209 1152 3274 vidi
1181 3220 1213 3275 et
1235 3210 1354 3275 audivi.
1399 3210 1481 3276 Ideo

285 3312 346 3376 boc
376 3335 510 3398 presens
541 3312 707 3397 publicum
737 3314 979 3377 instrumentum
1009 3313 1190 3378 huiusmodi
1225 3313 1392 3380 eleccionis
1427 3315 1482 3380 de-

285 3427 409 3481 cretum
441 3428 473 3481 et
501 3438 690 3502 processum
721 3418 752 3480 in
784 3440 818 3480 se
850 3420 1015 3482 continens
1045 3441 1143 3482 manu
1173 3421 1303 3504 propria
1325 3423 1481 3505 scriptum

285 3519 405 3585 exinde
438 3520 563 3584 confeci
594 3519 758 3605 publicavi
786 3531 818 3584 ct
840 3523 872 3585 in
895 3521 978 3585 hanc
1003 3521 1166 3608 publicam
1188 3523 1298 3609 redegi
1322 3526 1481 3610 signoque

285 3636 317 3689 ct
348 3627 476 3689 nomine
505 3648 576 3689 meo
600 3625 697 3688 solitis
722 3634 753 3688 et
776 3628 935 3689 consuetis
958 3649 1097 3691 unacum
1122 3626 1359 3712 sepedictorum
1382 3628 1479 3692 domi-

285 3752 399 3793 norum
430 3730 781 3813 compromissariorum
811 3740 843 3793 et
873 3730 1009 3795 fratrum
1043 3731 1303 3795 conventualium
1338 3732 1479 3797 manuali

285 3833 526 3917 subscripcione
550 3831 706 3918 sigillique
731 3833 950 3899 conventualis
974 3834 1050 3898 dicti
1066 3837 1249 3900 monasterii
1265 3839 1480 3921 appenssione

285 3938 472 4021 consignavi
503 3948 535 4002 et
564 3937 738 4022 subscripsi
770 3940 802 4001 in
832 3936 930 4001 fidem
964 3940 1104 4003 oninium
1133 3952 1164 4003 et
1186 3939 1384 4023 singulorum
1406 3963 1480 4027 pre-

284 4044 453 4106 missorum
476 4052 605 4126 rogatus
629 4052 660 4106 ot
683 4044 863 4127 requisitus

328 4326 430 4396 2029.
502 4366 506 4375 .
1012 4335 1095 4391 ruso
1110 4335 1191 4408 spru
1209 4334 1258 4401 to,
1276 4335 1433 4407 orimus.

388 4522 453 4586 Abt
482 4520 628 4586 Martias
650 4520 726 4607 [1.],
756 4520 855 4586 Prior
877 4520 1022 4586 Willselm
1050 4521 1119 4585 crud
1153 4521 1211 4585 der
1233 4521 1371 4588 &aveat
1404 4542 1481 4587 rum

285 4626 439 4709 Gottroer‘p
469 4625 664 4707 ocrpfr'iodert
694 4627 764 4690 dem
793 4626 926 4690 Meister
955 4626 1075 4689 Honos
1103 4646 1163 4690 voa
1192 4626 1247 4690 der
1269 4624 1479 4707 Solipcnstot,

285 4731 404 4795 Lebrcr
436 4732 472 4794 r'rr
509 4731 571 4794 derv
608 4729 710 4794 siebco
743 4731 846 4812 freica
879 4731 1027 4794 Krtnstca
1063 4730 1132 4794 aad
1164 4730 1220 4794 der
1252 4730 1383 4809 Arsaci,
1420 4731 1483 4812 fiir
