<?xml version="1.0" encoding="UTF-8"?>
<!DOCTYPE html PUBLIC "-//W3C//DTD XHTML 1.0 Transitional//EN"
    "http://www.w3.org/TR/xhtml1/DTD/xhtml1-transitional.dtd">
<html xmlns="http://www.w3.org/1999/xhtml" xml:lang="en" lang="en">
 <head>
  <title>
</title>
<meta http-equiv="Content-Type" content="text/html;charset=utf-8" />
  <meta name='ocr-system' content='tesseract 3.04.00' />
  <meta name='ocr-capabilities' content='ocr_page ocr_carea ocr_par ocr_line ocrx_word'/>
</head>
<body>
  <div class='ocr_page' id='page_1' title='image "./fontesrerumaust13unkngoog_0165.png"; bbox 0 0 3388 5302; ppageno 0'>
   <div class='ocr_carea' id='block_1_1' title="bbox 1313 388 1374 453">
    <p class='ocr_par' dir='ltr' id='par_1_1' title="bbox 1313 388 1374 453">
     <span class='ocr_line' id='line_1_1' title="bbox 1313 388 1374 453; baseline -0.016 0"><span class='ocrx_word' id='word_1_1' title='bbox 1313 388 1374 453; x_wconf 85' lang='lat'>149</span> 
     </span>
    </p>
   </div>
   <div class='ocr_carea' id='block_1_2' title="bbox 169 576 1374 4641">
    <p class='ocr_par' dir='ltr' id='par_1_2' title="bbox 175 576 1374 2023">
     <span class='ocr_line' id='line_1_2' title="bbox 180 576 1374 666; baseline 0.002 -23"><span class='ocrx_word' id='word_1_2' title='bbox 180 577 374 663; x_wconf 89' lang='lat' dir='ltr'>supradictis</span> <span class='ocrx_word' id='word_1_3' title='bbox 405 577 553 644; x_wconf 89' lang='lat' dir='ltr'>dominns</span> <span class='ocrx_word' id='word_1_4' title='bbox 568 576 760 644; x_wconf 79' lang='lat' dir='ltr'>Valentinus</span> <span class='ocrx_word' id='word_1_5' title='bbox 783 578 927 644; x_wconf 86' lang='lat' dir='ltr'>decanus</span> <span class='ocrx_word' id='word_1_6' title='bbox 949 601 1008 665; x_wconf 88' lang='lat' dir='ltr'>pro</span> <span class='ocrx_word' id='word_1_7' title='bbox 1032 601 1067 644; x_wconf 93' lang='lat' dir='ltr'>se</span> <span class='ocrx_word' id='word_1_8' title='bbox 1090 602 1130 644; x_wconf 88' lang='lat' dir='ltr'>ac</span> <span class='ocrx_word' id='word_1_9' title='bbox 1154 582 1281 646; x_wconf 91' lang='lat' dir='ltr'>nomine</span> <span class='ocrx_word' id='word_1_10' title='bbox 1303 603 1374 666; x_wconf 87' lang='lat' dir='ltr'>pre·</span> 
     </span>
     <span class='ocr_line' id='line_1_3' title="bbox 180 681 1373 770; baseline 0.002 -23"><span class='ocrx_word' id='word_1_11' title='bbox 180 681 258 747; x_wconf 90' lang='lat' dir='ltr'>dicti</span> <span class='ocrx_word' id='word_1_12' title='bbox 287 681 483 747; x_wconf 87' lang='lat' dir='ltr'>venerabilis</span> <span class='ocrx_word' id='word_1_13' title='bbox 511 682 642 769; x_wconf 80' lang='lat' dir='ltr'>capituli</span> <span class='ocrx_word' id='word_1_14' title='bbox 665 681 727 747; x_wconf 93' lang='lat' dir='ltr'>sibi</span> <span class='ocrx_word' id='word_1_15' title='bbox 750 682 963 769; x_wconf 90' lang='lat' dir='ltr'>omnibusque</span> <span class='ocrx_word' id='word_1_16' title='bbox 985 683 1055 747; x_wconf 91' lang='lat' dir='ltr'>aliis</span> <span class='ocrx_word' id='word_1_17' title='bbox 1078 695 1111 751; x_wconf 89' lang='lat' dir='ltr'>et</span> <span class='ocrx_word' id='word_1_18' title='bbox 1133 683 1277 768; x_wconf 86' lang='lat' dir='ltr'>singulis,</span> <span class='ocrx_word' id='word_1_19' title='bbox 1300 705 1373 770; x_wconf 87' lang='lat' dir='ltr'>quo</span> 
     </span>
     <span class='ocr_line' id='line_1_4' title="bbox 178 786 1374 873; baseline 0.001 -21"><span class='ocrx_word' id='word_1_20' title='bbox 178 810 251 853; x_wconf 90' lang='lat' dir='ltr'>rum</span> <span class='ocrx_word' id='word_1_21' title='bbox 273 789 406 853; x_wconf 86' lang='lat' dir='ltr'>interest</span> <span class='ocrx_word' id='word_1_22' title='bbox 427 789 572 853; x_wconf 88' lang='lat' dir='ltr'>intererit</span> <span class='ocrx_word' id='word_1_23' title='bbox 593 790 750 852; x_wconf 75' lang='lat' dir='ltr'>interesse</span> <span class='ocrx_word' id='word_1_24' title='bbox 771 789 898 873; x_wconf 85' lang='lat' dir='ltr'>poterit,</span> <span class='ocrx_word' id='word_1_25' title='bbox 922 786 1161 873; x_wconf 85' lang='lat' dir='ltr'>quomodolibet</span> <span class='ocrx_word' id='word_1_26' title='bbox 1181 791 1215 852; x_wconf 91' lang='lat' dir='ltr'>in</span> <span class='ocrx_word' id='word_1_27' title='bbox 1229 787 1374 853; x_wconf 85' lang='lat' dir='ltr'>futurum</span> 
     </span>
     <span class='ocr_line' id='line_1_5' title="bbox 178 891 1374 979; baseline 0.001 -23"><span class='ocrx_word' id='word_1_28' title='bbox 178 915 199 956; x_wconf 88' lang='lat' dir='ltr'>a</span> <span class='ocrx_word' id='word_1_29' title='bbox 230 891 323 957; x_wconf 88' lang='lat' dir='ltr'>nobis</span> <span class='ocrx_word' id='word_1_30' title='bbox 346 894 477 957; x_wconf 89' lang='lat' dir='ltr'>notariis</span> <span class='ocrx_word' id='word_1_31' title='bbox 499 891 637 979; x_wconf 83' lang='lat' dir='ltr'>puhlicis</span> <span class='ocrx_word' id='word_1_32' title='bbox 660 891 872 978; x_wconf 79' lang='lat' dir='ltr'>infrascriptis</span> <span class='ocrx_word' id='word_1_33' title='bbox 894 915 995 957; x_wconf 87' lang='lat' dir='ltr'>unum</span> <span class='ocrx_word' id='word_1_34' title='bbox 1017 892 1071 958; x_wconf 84' lang='lat' dir='ltr'>vel</span> <span class='ocrx_word' id='word_1_35' title='bbox 1093 892 1186 979; x_wconf 90' lang='lat' dir='ltr'>plura</span> <span class='ocrx_word' id='word_1_36' title='bbox 1208 891 1374 979; x_wconf 90' lang='lat' dir='ltr'>publicum</span> 
     </span>
     <span class='ocr_line' id='line_1_6' title="bbox 179 995 1372 1082; baseline 0.002 -21"><span class='ocrx_word' id='word_1_37' title='bbox 179 1018 236 1061; x_wconf 88' lang='lat' dir='ltr'>seu</span> <span class='ocrx_word' id='word_1_38' title='bbox 265 995 397 1082; x_wconf 87' lang='lat' dir='ltr'>publica</span> <span class='ocrx_word' id='word_1_39' title='bbox 419 997 490 1062; x_wconf 90' lang='lat' dir='ltr'>fieri</span> <span class='ocrx_word' id='word_1_40' title='bbox 513 1005 545 1062; x_wconf 90' lang='lat' dir='ltr'>et</span> <span class='ocrx_word' id='word_1_41' title='bbox 568 997 684 1062; x_wconf 90' lang='lat' dir='ltr'>confici</span> <span class='ocrx_word' id='word_1_42' title='bbox 705 998 803 1082; x_wconf 89' lang='lat' dir='ltr'>peciit</span> <span class='ocrx_word' id='word_1_43' title='bbox 825 999 1074 1062; x_wconf 82' lang='lat' dir='ltr'>instrumentum</span> <span class='ocrx_word' id='word_1_44' title='bbox 1097 1008 1130 1064; x_wconf 91' lang='lat' dir='ltr'>et</span> <span class='ocrx_word' id='word_1_45' title='bbox 1150 999 1372 1063; x_wconf 85' lang='lat' dir='ltr'>instrumente.</span> 
     </span>
     <span class='ocr_line' id='line_1_7' title="bbox 178 1100 1373 1188; baseline 0.002 -23"><span class='ocrx_word' id='word_1_46' title='bbox 178 1100 264 1166; x_wconf 85' lang='lat' dir='ltr'>Acta</span> <span class='ocrx_word' id='word_1_47' title='bbox 297 1110 371 1165; x_wconf 92' lang='lat' dir='ltr'>sunt</span> <span class='ocrx_word' id='word_1_48' title='bbox 399 1100 461 1166; x_wconf 88' lang='lat' dir='ltr'>hec</span> <span class='ocrx_word' id='word_1_49' title='bbox 490 1101 624 1167; x_wconf 75' lang='lat' dir='ltr'>Patauio</span> <span class='ocrx_word' id='word_1_50' title='bbox 655 1103 688 1166; x_wconf 91' lang='lat' dir='ltr'>in</span> <span class='ocrx_word' id='word_1_51' title='bbox 718 1100 813 1166; x_wconf 88' lang='lat' dir='ltr'>stuba</span> <span class='ocrx_word' id='word_1_52' title='bbox 843 1100 1010 1187; x_wconf 80' lang='lat' dir='ltr'>capitulari</span> <span class='ocrx_word' id='word_1_53' title='bbox 1040 1104 1104 1167; x_wconf 90' lang='lat' dir='ltr'>iam</span> <span class='ocrx_word' id='word_1_54' title='bbox 1134 1100 1211 1166; x_wconf 91' lang='lat' dir='ltr'>dicti</span> <span class='ocrx_word' id='word_1_55' title='bbox 1242 1102 1373 1188; x_wconf 89' lang='lat' dir='ltr'>capituli</span> 
     </span>
     <span class='ocr_line' id='line_1_8' title="bbox 177 1204 1370 1292; baseline 0 -21"><span class='ocrx_word' id='word_1_56' title='bbox 177 1205 238 1271; x_wconf 88' lang='lat' dir='ltr'>sub</span> <span class='ocrx_word' id='word_1_57' title='bbox 261 1227 346 1271; x_wconf 84' lang='lat' dir='ltr'>anno</span> <span class='ocrx_word' id='word_1_58' title='bbox 368 1204 542 1271; x_wconf 80' lang='lat' dir='ltr'>indictione</span> <span class='ocrx_word' id='word_1_59' title='bbox 565 1204 617 1270; x_wconf 89' lang='lat' dir='ltr'>die</span> <span class='ocrx_word' id='word_1_60' title='bbox 640 1226 751 1270; x_wconf 92' lang='lat' dir='ltr'>mense</span> <span class='ocrx_word' id='word_1_61' title='bbox 774 1205 854 1270; x_wconf 88' lang='lat' dir='ltr'>hora</span> <span class='ocrx_word' id='word_1_62' title='bbox 877 1214 910 1270; x_wconf 88' lang='lat' dir='ltr'>ct</span> <span class='ocrx_word' id='word_1_63' title='bbox 923 1205 1113 1292; x_wconf 88' lang='lat' dir='ltr'>pontificatu</span> <span class='ocrx_word' id='word_1_64' title='bbox 1129 1205 1246 1292; x_wconf 87' lang='lat' dir='ltr'>quibus</span> <span class='ocrx_word' id='word_1_65' title='bbox 1262 1228 1370 1292; x_wconf 89' lang='lat' dir='ltr'>supra,</span> 
     </span>
     <span class='ocr_line' id='line_1_9' title="bbox 176 1308 1371 1397; baseline 0.001 -23"><span class='ocrx_word' id='word_1_66' title='bbox 176 1308 382 1397; x_wconf 87' lang='lat' dir='ltr'>presentibus</span> <span class='ocrx_word' id='word_1_67' title='bbox 404 1310 526 1375; x_wconf 88' lang='lat' dir='ltr'>ibidem</span> <span class='ocrx_word' id='word_1_68' title='bbox 548 1308 789 1375; x_wconf 87' lang='lat' dir='ltr'>venerabihbus</span> <span class='ocrx_word' id='word_1_69' title='bbox 812 1319 844 1374; x_wconf 90' lang='lat' dir='ltr'>et</span> <span class='ocrx_word' id='word_1_70' title='bbox 865 1309 1106 1375; x_wconf 90' lang='lat' dir='ltr'>honorabilibus</span> <span class='ocrx_word' id='word_1_71' title='bbox 1121 1312 1210 1394; x_wconf 83' lang='lat' dir='ltr'>viris,</span> <span class='ocrx_word' id='word_1_72' title='bbox 1234 1308 1371 1375; x_wconf 87' lang='lat' dir='ltr'>dominis</span> 
     </span>
     <span class='ocr_line' id='line_1_10' title="bbox 177 1412 1371 1501; baseline 0.002 -23"><span class='ocrx_word' id='word_1_73' title='bbox 177 1412 332 1478; x_wconf 85' lang='lat' dir='ltr'>Vdahico</span> <span class='ocrx_word' id='word_1_74' title='bbox 354 1413 521 1498; x_wconf 90' lang='lat' dir='ltr'>Helltaler,</span> <span class='ocrx_word' id='word_1_75' title='bbox 553 1413 709 1501; x_wconf 75' lang='lat' dir='ltr'>sepedicti</span> <span class='ocrx_word' id='word_1_76' title='bbox 740 1413 870 1499; x_wconf 86' lang='lat' dir='ltr'>capituli</span> <span class='ocrx_word' id='word_1_77' title='bbox 901 1414 979 1479; x_wconf 87' lang='lat' dir='ltr'>sede</span> <span class='ocrx_word' id='word_1_78' title='bbox 1008 1424 1147 1479; x_wconf 88' lang='lat' dir='ltr'>vacante</span> <span class='ocrx_word' id='word_1_79' title='bbox 1174 1413 1371 1480; x_wconf 87' lang='lat' dir='ltr'>reddituerio</span> 
     </span>
     <span class='ocr_line' id='line_1_11' title="bbox 176 1517 1370 1604; baseline 0 -20"><span class='ocrx_word' id='word_1_80' title='bbox 176 1520 208 1584; x_wconf 90' lang='lat' dir='ltr'>in</span> <span class='ocrx_word' id='word_1_81' title='bbox 235 1518 386 1602; x_wconf 89' lang='lat' dir='ltr'>Wienna,</span> <span class='ocrx_word' id='word_1_82' title='bbox 421 1519 517 1584; x_wconf 90' lang='lat' dir='ltr'>Petro</span> <span class='ocrx_word' id='word_1_83' title='bbox 543 1517 771 1603; x_wconf 74' lang='lat' dir='ltr'>Vberdckher,</span> <span class='ocrx_word' id='word_1_84' title='bbox 806 1517 931 1583; x_wconf 89' lang='lat' dir='ltr'>decano</span> <span class='ocrx_word' id='word_1_85' title='bbox 960 1520 993 1583; x_wconf 91' lang='lat' dir='ltr'>in</span> <span class='ocrx_word' id='word_1_86' title='bbox 1023 1518 1185 1603; x_wconf 79' lang='lat' dir='ltr'>Mentem,</span> <span class='ocrx_word' id='word_1_87' title='bbox 1218 1521 1370 1604; x_wconf 85' lang='lat' dir='ltr'>magistro</span> 
     </span>
     <span class='ocr_line' id='line_1_12' title="bbox 176 1622 1370 1708; baseline 0.001 -20"><span class='ocrx_word' id='word_1_88' title='bbox 176 1623 318 1688; x_wconf 88' lang='lat' dir='ltr'>Henrico</span> <span class='ocrx_word' id='word_1_89' title='bbox 342 1623 384 1688; x_wconf 91' lang='lat' dir='ltr'>de</span> <span class='ocrx_word' id='word_1_90' title='bbox 406 1623 606 1708; x_wconf 89' lang='lat' dir='ltr'>Wennding,</span> <span class='ocrx_word' id='word_1_91' title='bbox 628 1623 778 1689; x_wconf 82' lang='lat' dir='ltr'>Erhardo</span> <span class='ocrx_word' id='word_1_92' title='bbox 802 1623 951 1689; x_wconf 85' lang='lat' dir='ltr'>Schewtz</span> <span class='ocrx_word' id='word_1_93' title='bbox 973 1623 1052 1689; x_wconf 89' lang='lat' dir='ltr'>alias</span> <span class='ocrx_word' id='word_1_94' title='bbox 1075 1622 1148 1689; x_wconf 89' lang='lat' dir='ltr'>Leb</span> <span class='ocrx_word' id='word_1_95' title='bbox 1172 1633 1204 1688; x_wconf 87' lang='lat' dir='ltr'>et</span> <span class='ocrx_word' id='word_1_96' title='bbox 1226 1622 1370 1689; x_wconf 86' lang='lat' dir='ltr'>Iohanne</span> 
     </span>
     <span class='ocr_line' id='line_1_13' title="bbox 176 1728 1370 1815; baseline 0 -21"><span class='ocrx_word' id='word_1_97' title='bbox 176 1728 411 1812; x_wconf 88' lang='lat' dir='ltr'>Wcittschach,</span> <span class='ocrx_word' id='word_1_98' title='bbox 434 1730 564 1794; x_wconf 87' lang='lat' dir='ltr'>vicariis</span> <span class='ocrx_word' id='word_1_99' title='bbox 588 1728 677 1793; x_wconf 91' lang='lat' dir='ltr'>chori</span> <span class='ocrx_word' id='word_1_100' title='bbox 700 1729 837 1793; x_wconf 90' lang='lat' dir='ltr'>ecclesie</span> <span class='ocrx_word' id='word_1_101' title='bbox 859 1729 1062 1794; x_wconf 85' lang='lat' dir='ltr'>Pataviensis</span> <span class='ocrx_word' id='word_1_102' title='bbox 1085 1728 1260 1814; x_wconf 85' lang='lat' dir='ltr'>sepedicto,</span> <span class='ocrx_word' id='word_1_103' title='bbox 1283 1750 1370 1815; x_wconf 89' lang='lat' dir='ltr'>pres·</span> 
     </span>
     <span class='ocr_line' id='line_1_14' title="bbox 175 1831 1368 1927; baseline 0.002 -30"><span class='ocrx_word' id='word_1_104' title='bbox 175 1831 299 1919; x_wconf 87' lang='lat' dir='ltr'>byteris</span> <span class='ocrx_word' id='word_1_105' title='bbox 322 1831 407 1897; x_wconf 89' lang='lat' dir='ltr'>dicte</span> <span class='ocrx_word' id='word_1_106' title='bbox 430 1831 576 1927; x_wconf 76' lang='lat' dir='ltr'>diocesis,</span> <span class='ocrx_word' id='word_1_107' title='bbox 610 1832 746 1898; x_wconf 90' lang='lat' dir='ltr'>testibus</span> <span class='ocrx_word' id='word_1_108' title='bbox 776 1832 818 1897; x_wconf 90' lang='lat' dir='ltr'>ad</span> <span class='ocrx_word' id='word_1_109' title='bbox 848 1835 1005 1918; x_wconf 88' lang='lat' dir='ltr'>premissa</span> <span class='ocrx_word' id='word_1_110' title='bbox 1026 1833 1160 1917; x_wconf 84' lang='lat' dir='ltr'>vocatis,</span> <span class='ocrx_word' id='word_1_111' title='bbox 1192 1835 1313 1918; x_wconf 88' lang='lat' dir='ltr'>rogatis</span> <span class='ocrx_word' id='word_1_112' title='bbox 1336 1842 1368 1899; x_wconf 92' lang='lat' dir='ltr'>et</span> 
     </span>
     <span class='ocr_line' id='line_1_15' title="bbox 175 1936 550 2023; baseline 0.003 -22"><span class='ocrx_word' id='word_1_113' title='bbox 175 1936 358 2023; x_wconf 86' lang='lat' dir='ltr'>specialiter</span> <span class='ocrx_word' id='word_1_114' title='bbox 380 1939 550 2023; x_wconf 87' lang='lat' dir='ltr'>requisitis.</span> 
     </span>
    </p>

    <p class='ocr_par' dir='ltr' id='par_1_3' title="bbox 169 2041 1371 3281">
     <span class='ocr_line' id='line_1_16' title="bbox 278 2041 1369 2128; baseline 0.001 -22"><span class='ocrx_word' id='word_1_115' title='bbox 278 2041 322 2106; x_wconf 88' lang='lat' dir='ltr'>Et</span> <span class='ocrx_word' id='word_1_116' title='bbox 344 2063 404 2127; x_wconf 92' lang='lat' dir='ltr'>ego</span> <span class='ocrx_word' id='word_1_117' title='bbox 426 2042 582 2106; x_wconf 87' lang='lat' dir='ltr'>Erasmus</span> <span class='ocrx_word' id='word_1_118' title='bbox 597 2041 749 2125; x_wconf 80' lang='lat' dir='ltr'>Wiercr,</span> <span class='ocrx_word' id='word_1_119' title='bbox 773 2041 910 2106; x_wconf 90' lang='lat' dir='ltr'>clericus</span> <span class='ocrx_word' id='word_1_120' title='bbox 933 2041 1198 2127; x_wconf 84' lang='lat' dir='ltr'>Salczburgensis</span> <span class='ocrx_word' id='word_1_121' title='bbox 1222 2041 1369 2128; x_wconf 91' lang='lat' dir='ltr'>diocesis,</span> 
     </span>
     <span class='ocr_line' id='line_1_17' title="bbox 173 2146 1368 2233; baseline 0.001 -21"><span class='ocrx_word' id='word_1_122' title='bbox 173 2146 322 2233; x_wconf 87' lang='lat' dir='ltr'>publicus</span> <span class='ocrx_word' id='word_1_123' title='bbox 354 2168 448 2213; x_wconf 87' lang='lat' dir='ltr'>sacra</span> <span class='ocrx_word' id='word_1_124' title='bbox 476 2147 634 2233; x_wconf 88' lang='lat' dir='ltr'>imperiali</span> <span class='ocrx_word' id='word_1_125' title='bbox 664 2148 854 2212; x_wconf 89' lang='lat' dir='ltr'>auctoritate</span> <span class='ocrx_word' id='word_1_126' title='bbox 884 2148 1027 2212; x_wconf 88' lang='lat' dir='ltr'>notarius</span> <span class='ocrx_word' id='word_1_127' title='bbox 1049 2169 1088 2211; x_wconf 88' lang='lat' dir='ltr'>ac</span> <span class='ocrx_word' id='word_1_128' title='bbox 1116 2148 1293 2213; x_wconf 88' lang='lat' dir='ltr'>decanatus</span> <span class='ocrx_word' id='word_1_129' title='bbox 1319 2170 1368 2213; x_wconf 82' lang='lat' dir='ltr'>ec</span> 
     </span>
     <span class='ocr_line' id='line_1_18' title="bbox 176 2251 1369 2340; baseline 0.002 -24"><span class='ocrx_word' id='word_1_130' title='bbox 176 2251 273 2317; x_wconf 90' lang='lat' dir='ltr'>clesie</span> <span class='ocrx_word' id='word_1_131' title='bbox 287 2252 490 2317; x_wconf 86' lang='lat' dir='ltr'>Pataviensis</span> <span class='ocrx_word' id='word_1_132' title='bbox 513 2252 621 2318; x_wconf 87' lang='lat' dir='ltr'>scriba</span> <span class='ocrx_word' id='word_1_133' title='bbox 642 2253 775 2335; x_wconf 88' lang='lat' dir='ltr'>iuratus,</span> <span class='ocrx_word' id='word_1_134' title='bbox 799 2253 876 2338; x_wconf 89' lang='lat' dir='ltr'>quia</span> <span class='ocrx_word' id='word_1_135' title='bbox 897 2254 1116 2338; x_wconf 88' lang='lat' dir='ltr'>suprainserte</span> <span class='ocrx_word' id='word_1_136' title='bbox 1138 2253 1369 2340; x_wconf 87' lang='lat' dir='ltr'>appellacionis</span> 
     </span>
     <span class='ocr_line' id='line_1_19' title="bbox 175 2356 1371 2444; baseline 0.002 -24"><span class='ocrx_word' id='word_1_137' title='bbox 175 2358 413 2442; x_wconf 88' lang='lat' dir='ltr'>interposicioni</span> <span class='ocrx_word' id='word_1_138' title='bbox 443 2356 658 2442; x_wconf 89' lang='lat' dir='ltr'>apostolorum</span> <span class='ocrx_word' id='word_1_139' title='bbox 681 2358 833 2443; x_wconf 91' lang='lat' dir='ltr'>peticioni</span> <span class='ocrx_word' id='word_1_140' title='bbox 855 2365 888 2421; x_wconf 92' lang='lat' dir='ltr'>et</span> <span class='ocrx_word' id='word_1_141' title='bbox 909 2359 1135 2442; x_wconf 83' lang='lat' dir='ltr'>protestacioni</span> <span class='ocrx_word' id='word_1_142' title='bbox 1157 2357 1371 2444; x_wconf 88' lang='lat' dir='ltr'>omnibusque</span> 
     </span>
     <span class='ocr_line' id='line_1_20' title="bbox 174 2461 1369 2548; baseline 0.001 -22"><span class='ocrx_word' id='word_1_143' title='bbox 174 2461 246 2526; x_wconf 84' lang='lat' dir='ltr'>aliis</span> <span class='ocrx_word' id='word_1_144' title='bbox 270 2471 303 2526; x_wconf 89' lang='lat' dir='ltr'>et</span> <span class='ocrx_word' id='word_1_145' title='bbox 324 2461 458 2547; x_wconf 86' lang='lat' dir='ltr'>singulis</span> <span class='ocrx_word' id='word_1_146' title='bbox 480 2464 654 2548; x_wconf 88' lang='lat' dir='ltr'>premissis,</span> <span class='ocrx_word' id='word_1_147' title='bbox 679 2461 756 2526; x_wconf 94' lang='lat' dir='ltr'>dum</span> <span class='ocrx_word' id='word_1_148' title='bbox 779 2463 826 2526; x_wconf 91' lang='lat' dir='ltr'>sic</span> <span class='ocrx_word' id='word_1_149' title='bbox 848 2471 884 2527; x_wconf 92' lang='lat' dir='ltr'>ut</span> <span class='ocrx_word' id='word_1_150' title='bbox 903 2464 1096 2548; x_wconf 89' lang='lat' dir='ltr'>premittitur</span> <span class='ocrx_word' id='word_1_151' title='bbox 1118 2462 1234 2526; x_wconf 87' lang='lat' dir='ltr'>fierent</span> <span class='ocrx_word' id='word_1_152' title='bbox 1249 2472 1282 2527; x_wconf 86' lang='lat' dir='ltr'>et</span> <span class='ocrx_word' id='word_1_153' title='bbox 1296 2484 1369 2546; x_wconf 86' lang='lat' dir='ltr'>age-</span> 
     </span>
     <span class='ocr_line' id='line_1_21' title="bbox 175 2565 1369 2652; baseline -0.001 -21"><span class='ocrx_word' id='word_1_154' title='bbox 175 2575 298 2649; x_wconf 85' lang='lat' dir='ltr'>rentur,</span> <span class='ocrx_word' id='word_1_155' title='bbox 323 2589 464 2632; x_wconf 89' lang='lat' dir='ltr'>unacum</span> <span class='ocrx_word' id='word_1_156' title='bbox 487 2566 665 2632; x_wconf 85' lang='lat' dir='ltr'>honorabili</span> <span class='ocrx_word' id='word_1_157' title='bbox 679 2569 749 2631; x_wconf 84' lang='lat' dir='ltr'>viro</span> <span class='ocrx_word' id='word_1_158' title='bbox 766 2565 893 2631; x_wconf 89' lang='lat' dir='ltr'>domino</span> <span class='ocrx_word' id='word_1_159' title='bbox 908 2565 1049 2652; x_wconf 81' lang='lat' dir='ltr'>Georgio</span> <span class='ocrx_word' id='word_1_160' title='bbox 1065 2565 1280 2650; x_wconf 88' lang='lat' dir='ltr'>Euerdinger,</span> <span class='ocrx_word' id='word_1_161' title='bbox 1296 2588 1369 2631; x_wconf 92' lang='lat' dir='ltr'>con·</span> 
     </span>
     <span class='ocr_line' id='line_1_22' title="bbox 174 2670 1368 2758; baseline -0.001 -22"><span class='ocrx_word' id='word_1_162' title='bbox 174 2673 300 2736; x_wconf 86' lang='lat' dir='ltr'>notario</span> <span class='ocrx_word' id='word_1_163' title='bbox 322 2693 394 2737; x_wconf 89' lang='lat' dir='ltr'>meo</span> <span class='ocrx_word' id='word_1_164' title='bbox 417 2671 610 2758; x_wconf 88' lang='lat' dir='ltr'>subscripto,</span> <span class='ocrx_word' id='word_1_165' title='bbox 633 2693 673 2736; x_wconf 87' lang='lat' dir='ltr'>ac</span> <span class='ocrx_word' id='word_1_166' title='bbox 695 2670 829 2736; x_wconf 88' lang='lat' dir='ltr'>testibus</span> <span class='ocrx_word' id='word_1_167' title='bbox 845 2672 1074 2756; x_wconf 88' lang='lat' dir='ltr'>prenominatis</span> <span class='ocrx_word' id='word_1_168' title='bbox 1089 2692 1222 2757; x_wconf 88' lang='lat' dir='ltr'>presens</span> <span class='ocrx_word' id='word_1_169' title='bbox 1237 2671 1368 2736; x_wconf 82' lang='lat' dir='ltr'>interfui</span> 
     </span>
     <span class='ocr_line' id='line_1_23' title="bbox 173 2775 1369 2861; baseline 0.001 -21"><span class='ocrx_word' id='word_1_170' title='bbox 173 2797 277 2861; x_wconf 85' lang='lat' dir='ltr'>eaque</span> <span class='ocrx_word' id='word_1_171' title='bbox 300 2777 347 2840; x_wconf 92' lang='lat' dir='ltr'>sic</span> <span class='ocrx_word' id='word_1_172' title='bbox 369 2776 440 2840; x_wconf 88' lang='lat' dir='ltr'>fieri</span> <span class='ocrx_word' id='word_1_173' title='bbox 461 2775 530 2841; x_wconf 89' lang='lat' dir='ltr'>vidi</span> <span class='ocrx_word' id='word_1_174' title='bbox 552 2785 584 2840; x_wconf 88' lang='lat' dir='ltr'>et</span> <span class='ocrx_word' id='word_1_175' title='bbox 606 2775 725 2859; x_wconf 86' lang='lat' dir='ltr'>audivi,</span> <span class='ocrx_word' id='word_1_176' title='bbox 749 2775 823 2839; x_wconf 88' lang='lat' dir='ltr'>ideo</span> <span class='ocrx_word' id='word_1_177' title='bbox 845 2775 907 2840; x_wconf 91' lang='lat' dir='ltr'>hoc</span> <span class='ocrx_word' id='word_1_178' title='bbox 921 2797 1055 2861; x_wconf 88' lang='lat' dir='ltr'>presens</span> <span class='ocrx_word' id='word_1_179' title='bbox 1070 2775 1236 2861; x_wconf 91' lang='lat' dir='ltr'>publicum</span> <span class='ocrx_word' id='word_1_180' title='bbox 1254 2777 1369 2841; x_wconf 89' lang='lat' dir='ltr'>instru-</span> 
     </span>
     <span class='ocr_line' id='line_1_24' title="bbox 173 2880 1367 2968; baseline 0.001 -24"><span class='ocrx_word' id='word_1_181' title='bbox 173 2889 316 2945; x_wconf 88' lang='lat' dir='ltr'>mentum</span> <span class='ocrx_word' id='word_1_182' title='bbox 339 2902 438 2945; x_wconf 89' lang='lat' dir='ltr'>manu</span> <span class='ocrx_word' id='word_1_183' title='bbox 459 2903 532 2946; x_wconf 90' lang='lat' dir='ltr'>mea</span> <span class='ocrx_word' id='word_1_184' title='bbox 554 2883 684 2967; x_wconf 83' lang='lat' dir='ltr'>propria</span> <span class='ocrx_word' id='word_1_185' title='bbox 706 2882 861 2967; x_wconf 90' lang='lat' dir='ltr'>scriptum</span> <span class='ocrx_word' id='word_1_186' title='bbox 884 2880 1002 2946; x_wconf 83' lang='lat' dir='ltr'>exinde</span> <span class='ocrx_word' id='word_1_187' title='bbox 1034 2881 1158 2946; x_wconf 87' lang='lat' dir='ltr'>confeci</span> <span class='ocrx_word' id='word_1_188' title='bbox 1188 2880 1367 2968; x_wconf 90' lang='lat' dir='ltr'>subscripsi</span> 
     </span>
     <span class='ocr_line' id='line_1_25' title="bbox 169 2984 1368 3073; baseline -0.001 -22"><span class='ocrx_word' id='word_1_189' title='bbox 169 2984 336 3070; x_wconf 87' lang='lat' dir='ltr'>publicavi</span> <span class='ocrx_word' id='word_1_190' title='bbox 366 2995 399 3050; x_wconf 88' lang='lat' dir='ltr'>et</span> <span class='ocrx_word' id='word_1_191' title='bbox 427 2987 461 3050; x_wconf 93' lang='lat' dir='ltr'>in</span> <span class='ocrx_word' id='word_1_192' title='bbox 488 2986 573 3051; x_wconf 88' lang='lat' dir='ltr'>hanc</span> <span class='ocrx_word' id='word_1_193' title='bbox 596 2985 764 3073; x_wconf 88' lang='lat' dir='ltr'>publicam</span> <span class='ocrx_word' id='word_1_194' title='bbox 786 2985 922 3050; x_wconf 87' lang='lat' dir='ltr'>formam</span> <span class='ocrx_word' id='word_1_195' title='bbox 945 2985 1057 3071; x_wconf 87' lang='lat' dir='ltr'>redegi</span> <span class='ocrx_word' id='word_1_196' title='bbox 1081 2988 1237 3070; x_wconf 89' lang='lat' dir='ltr'>signoque</span> <span class='ocrx_word' id='word_1_197' title='bbox 1260 2994 1292 3050; x_wconf 90' lang='lat' dir='ltr'>et</span> <span class='ocrx_word' id='word_1_198' title='bbox 1314 3008 1368 3050; x_wconf 84' lang='lat' dir='ltr'>no</span> 
     </span>
     <span class='ocr_line' id='line_1_26' title="bbox 169 3089 1365 3174; baseline -0.001 -19"><span class='ocrx_word' id='word_1_199' title='bbox 169 3092 255 3155; x_wconf 90' lang='lat' dir='ltr'>mine</span> <span class='ocrx_word' id='word_1_200' title='bbox 286 3093 366 3155; x_wconf 90' lang='lat' dir='ltr'>meis</span> <span class='ocrx_word' id='word_1_201' title='bbox 396 3090 496 3155; x_wconf 90' lang='lat' dir='ltr'>solitis</span> <span class='ocrx_word' id='word_1_202' title='bbox 526 3099 559 3156; x_wconf 92' lang='lat' dir='ltr'>et</span> <span class='ocrx_word' id='word_1_203' title='bbox 581 3091 742 3155; x_wconf 90' lang='lat' dir='ltr'>consuetis</span> <span class='ocrx_word' id='word_1_204' title='bbox 765 3091 891 3174; x_wconf 86' lang='lat' dir='ltr'>signavi</span> <span class='ocrx_word' id='word_1_205' title='bbox 913 3092 947 3154; x_wconf 91' lang='lat' dir='ltr'>in</span> <span class='ocrx_word' id='word_1_206' title='bbox 969 3089 1070 3155; x_wconf 89' lang='lat' dir='ltr'>fidem</span> <span class='ocrx_word' id='word_1_207' title='bbox 1092 3099 1125 3155; x_wconf 91' lang='lat' dir='ltr'>ct</span> <span class='ocrx_word' id='word_1_208' title='bbox 1146 3092 1365 3155; x_wconf 87' lang='lat' dir='ltr'>testimonium</span> 
     </span>
     <span class='ocr_line' id='line_1_27' title="bbox 170 3194 1253 3281; baseline -0.001 -21"><span class='ocrx_word' id='word_1_209' title='bbox 170 3197 314 3260; x_wconf 90' lang='lat' dir='ltr'>omnium</span> <span class='ocrx_word' id='word_1_210' title='bbox 337 3204 369 3260; x_wconf 87' lang='lat' dir='ltr'>et</span> <span class='ocrx_word' id='word_1_211' title='bbox 391 3194 590 3280; x_wconf 86' lang='lat' dir='ltr'>singulorum</span> <span class='ocrx_word' id='word_1_212' title='bbox 612 3197 841 3281; x_wconf 89' lang='lat' dir='ltr'>premissorum</span> <span class='ocrx_word' id='word_1_213' title='bbox 863 3204 994 3280; x_wconf 86' lang='lat' dir='ltr'>rogatus</span> <span class='ocrx_word' id='word_1_214' title='bbox 1018 3204 1050 3261; x_wconf 89' lang='lat' dir='ltr'>et</span> <span class='ocrx_word' id='word_1_215' title='bbox 1071 3197 1253 3281; x_wconf 88' lang='lat' dir='ltr'>requisitus.</span> 
     </span>
    </p>

    <p class='ocr_par' dir='ltr' id='par_1_4' title="bbox 169 3299 1367 4641">
     <span class='ocr_line' id='line_1_28' title="bbox 273 3299 1367 3387; baseline 0.001 -24"><span class='ocrx_word' id='word_1_216' title='bbox 273 3299 317 3363; x_wconf 87' lang='lat' dir='ltr'>Et</span> <span class='ocrx_word' id='word_1_217' title='bbox 340 3321 400 3385; x_wconf 92' lang='lat' dir='ltr'>ego</span> <span class='ocrx_word' id='word_1_218' title='bbox 416 3300 576 3386; x_wconf 80' lang='lat' dir='ltr'>Georgius</span> <span class='ocrx_word' id='word_1_219' title='bbox 591 3299 797 3387; x_wconf 82' lang='lat' dir='ltr'>Euerdinger</span> <span class='ocrx_word' id='word_1_220' title='bbox 820 3300 861 3365; x_wconf 89' lang='lat' dir='ltr'>de</span> <span class='ocrx_word' id='word_1_221' title='bbox 879 3300 981 3384; x_wconf 90' lang='lat' dir='ltr'>Wels,</span> <span class='ocrx_word' id='word_1_222' title='bbox 1005 3300 1142 3366; x_wconf 90' lang='lat' dir='ltr'>clericus</span> <span class='ocrx_word' id='word_1_223' title='bbox 1164 3300 1367 3364; x_wconf 85' lang='lat' dir='ltr'>Pataviensis</span> 
     </span>
     <span class='ocr_line' id='line_1_29' title="bbox 171 3403 1366 3491; baseline -0.001 -23"><span class='ocrx_word' id='word_1_224' title='bbox 171 3404 317 3487; x_wconf 86' lang='lat' dir='ltr'>diocesis,</span> <span class='ocrx_word' id='word_1_225' title='bbox 341 3403 491 3489; x_wconf 90' lang='lat' dir='ltr'>publicus</span> <span class='ocrx_word' id='word_1_226' title='bbox 514 3427 607 3470; x_wconf 86' lang='lat' dir='ltr'>sacra</span> <span class='ocrx_word' id='word_1_227' title='bbox 629 3404 787 3491; x_wconf 87' lang='lat' dir='ltr'>imperiali</span> <span class='ocrx_word' id='word_1_228' title='bbox 809 3407 999 3471; x_wconf 88' lang='lat' dir='ltr'>auctoritato</span> <span class='ocrx_word' id='word_1_229' title='bbox 1015 3426 1054 3470; x_wconf 88' lang='lat' dir='ltr'>ac</span> <span class='ocrx_word' id='word_1_230' title='bbox 1070 3404 1262 3469; x_wconf 86' lang='lat' dir='ltr'>officialatus</span> <span class='ocrx_word' id='word_1_231' title='bbox 1278 3406 1366 3469; x_wconf 91' lang='lat' dir='ltr'>curie</span> 
     </span>
     <span class='ocr_line' id='line_1_30' title="bbox 169 3507 1366 3596; baseline 0 -23"><span class='ocrx_word' id='word_1_232' title='bbox 169 3509 369 3574; x_wconf 85' lang='lat' dir='ltr'>Patavicnsis</span> <span class='ocrx_word' id='word_1_233' title='bbox 391 3511 533 3574; x_wconf 87' lang='lat' dir='ltr'>notarius</span> <span class='ocrx_word' id='word_1_234' title='bbox 556 3517 653 3595; x_wconf 89' lang='lat' dir='ltr'>atque</span> <span class='ocrx_word' id='word_1_235' title='bbox 677 3508 785 3574; x_wconf 85' lang='lat' dir='ltr'>scriba</span> <span class='ocrx_word' id='word_1_236' title='bbox 806 3511 940 3595; x_wconf 91' lang='lat' dir='ltr'>iuratus,</span> <span class='ocrx_word' id='word_1_237' title='bbox 964 3511 1040 3596; x_wconf 87' lang='lat' dir='ltr'>quia</span> <span class='ocrx_word' id='word_1_238' title='bbox 1060 3508 1244 3596; x_wconf 84' lang='lat' dir='ltr'>supradicte</span> <span class='ocrx_word' id='word_1_239' title='bbox 1259 3507 1366 3595; x_wconf 87' lang='lat' dir='ltr'>appel·</span> 
     </span>
     <span class='ocr_line' id='line_1_31' title="bbox 169 3612 1365 3700; baseline -0.001 -21"><span class='ocrx_word' id='word_1_240' title='bbox 169 3613 302 3679; x_wconf 86' lang='lat' dir='ltr'>lacionis</span> <span class='ocrx_word' id='word_1_241' title='bbox 323 3612 459 3678; x_wconf 91' lang='lat' dir='ltr'>leccioni</span> <span class='ocrx_word' id='word_1_242' title='bbox 481 3615 719 3700; x_wconf 89' lang='lat' dir='ltr'>interposicioni</span> <span class='ocrx_word' id='word_1_243' title='bbox 741 3612 958 3699; x_wconf 86' lang='lat' dir='ltr'>apostolorum</span> <span class='ocrx_word' id='word_1_244' title='bbox 981 3616 1133 3700; x_wconf 88' lang='lat' dir='ltr'>peticioni</span> <span class='ocrx_word' id='word_1_245' title='bbox 1155 3623 1188 3678; x_wconf 86' lang='lat' dir='ltr'>et</span> <span class='ocrx_word' id='word_1_246' title='bbox 1209 3621 1365 3699; x_wconf 88' lang='lat' dir='ltr'>protesta-</span> 
     </span>
     <span class='ocr_line' id='line_1_32' title="bbox 170 3717 1365 3805; baseline -0.001 -22"><span class='ocrx_word' id='word_1_247' title='bbox 170 3721 253 3784; x_wconf 87' lang='lat' dir='ltr'>cioni</span> <span class='ocrx_word' id='word_1_248' title='bbox 285 3718 498 3804; x_wconf 87' lang='lat' dir='ltr'>omnibusque</span> <span class='ocrx_word' id='word_1_249' title='bbox 528 3718 598 3783; x_wconf 83' lang='lat' dir='ltr'>aliis</span> <span class='ocrx_word' id='word_1_250' title='bbox 628 3728 660 3783; x_wconf 88' lang='lat' dir='ltr'>et</span> <span class='ocrx_word' id='word_1_251' title='bbox 691 3719 824 3804; x_wconf 89' lang='lat' dir='ltr'>singulis</span> <span class='ocrx_word' id='word_1_252' title='bbox 855 3721 1029 3805; x_wconf 85' lang='lat' dir='ltr'>premissis,</span> <span class='ocrx_word' id='word_1_253' title='bbox 1061 3717 1140 3783; x_wconf 92' lang='lat' dir='ltr'>dum</span> <span class='ocrx_word' id='word_1_254' title='bbox 1169 3720 1216 3782; x_wconf 92' lang='lat' dir='ltr'>sic</span> <span class='ocrx_word' id='word_1_255' title='bbox 1238 3728 1274 3782; x_wconf 90' lang='lat' dir='ltr'>ut</span> <span class='ocrx_word' id='word_1_256' title='bbox 1296 3740 1365 3803; x_wconf 88' lang='lat' dir='ltr'>pre·</span> 
     </span>
     <span class='ocr_line' id='line_1_33' title="bbox 169 3823 1365 3910; baseline 0 -23"><span class='ocrx_word' id='word_1_257' title='bbox 169 3825 303 3889; x_wconf 90' lang='lat' dir='ltr'>mittitur</span> <span class='ocrx_word' id='word_1_258' title='bbox 332 3824 449 3888; x_wconf 89' lang='lat' dir='ltr'>fierent</span> <span class='ocrx_word' id='word_1_259' title='bbox 478 3833 510 3888; x_wconf 89' lang='lat' dir='ltr'>et</span> <span class='ocrx_word' id='word_1_260' title='bbox 539 3833 723 3910; x_wconf 85' lang='lat' dir='ltr'>agerentur,</span> <span class='ocrx_word' id='word_1_261' title='bbox 754 3846 896 3889; x_wconf 90' lang='lat' dir='ltr'>unacum</span> <span class='ocrx_word' id='word_1_262' title='bbox 926 3823 1105 3890; x_wconf 90' lang='lat' dir='ltr'>honorabili</span> <span class='ocrx_word' id='word_1_263' title='bbox 1138 3826 1208 3889; x_wconf 86' lang='lat' dir='ltr'>viro</span> <span class='ocrx_word' id='word_1_264' title='bbox 1238 3823 1365 3888; x_wconf 89' lang='lat' dir='ltr'>domino</span> 
     </span>
     <span class='ocr_line' id='line_1_34' title="bbox 169 3927 1364 4016; baseline -0.002 -23"><span class='ocrx_word' id='word_1_265' title='bbox 169 3928 305 3993; x_wconf 86' lang='lat' dir='ltr'>Erasmo</span> <span class='ocrx_word' id='word_1_266' title='bbox 327 3927 478 4012; x_wconf 79' lang='lat' dir='ltr'>Wherer,</span> <span class='ocrx_word' id='word_1_267' title='bbox 510 3931 694 3994; x_wconf 85' lang='lat' dir='ltr'>connotario</span> <span class='ocrx_word' id='word_1_268' title='bbox 722 3951 795 3994; x_wconf 88' lang='lat' dir='ltr'>meo</span> <span class='ocrx_word' id='word_1_269' title='bbox 817 3932 1006 4016; x_wconf 90' lang='lat' dir='ltr'>prescripto,</span> <span class='ocrx_word' id='word_1_270' title='bbox 1029 3951 1068 3994; x_wconf 88' lang='lat' dir='ltr'>ac</span> <span class='ocrx_word' id='word_1_271' title='bbox 1090 3929 1227 3994; x_wconf 85' lang='lat' dir='ltr'>testibus</span> <span class='ocrx_word' id='word_1_272' title='bbox 1251 3949 1364 4013; x_wconf 86' lang='lat' dir='ltr'>preno-</span> 
     </span>
     <span class='ocr_line' id='line_1_35' title="bbox 170 4031 1365 4119; baseline 0 -23"><span class='ocrx_word' id='word_1_273' title='bbox 170 4034 297 4096; x_wconf 88' lang='lat' dir='ltr'>minatis</span> <span class='ocrx_word' id='word_1_274' title='bbox 320 4054 454 4117; x_wconf 88' lang='lat' dir='ltr'>presens</span> <span class='ocrx_word' id='word_1_275' title='bbox 476 4034 606 4098; x_wconf 78' lang='lat' dir='ltr'>interfiri</span> <span class='ocrx_word' id='word_1_276' title='bbox 629 4056 733 4119; x_wconf 89' lang='lat' dir='ltr'>eaque</span> <span class='ocrx_word' id='word_1_277' title='bbox 756 4036 803 4098; x_wconf 91' lang='lat' dir='ltr'>sic</span> <span class='ocrx_word' id='word_1_278' title='bbox 825 4033 896 4099; x_wconf 91' lang='lat' dir='ltr'>fieri</span> <span class='ocrx_word' id='word_1_279' title='bbox 918 4033 986 4099; x_wconf 83' lang='lat' dir='ltr'>vidi</span> <span class='ocrx_word' id='word_1_280' title='bbox 1010 4042 1042 4098; x_wconf 91' lang='lat' dir='ltr'>et</span> <span class='ocrx_word' id='word_1_281' title='bbox 1063 4032 1183 4115; x_wconf 84' lang='lat' dir='ltr'>audivi,</span> <span class='ocrx_word' id='word_1_282' title='bbox 1206 4031 1280 4097; x_wconf 90' lang='lat' dir='ltr'>ideo</span> <span class='ocrx_word' id='word_1_283' title='bbox 1303 4032 1365 4097; x_wconf 91' lang='lat' dir='ltr'>hoc</span> 
     </span>
     <span class='ocr_line' id='line_1_36' title="bbox 170 4135 1365 4223; baseline 0 -23"><span class='ocrx_word' id='word_1_284' title='bbox 170 4157 304 4221; x_wconf 87' lang='lat' dir='ltr'>presens</span> <span class='ocrx_word' id='word_1_285' title='bbox 327 4135 493 4223; x_wconf 90' lang='lat' dir='ltr'>publicum</span> <span class='ocrx_word' id='word_1_286' title='bbox 516 4139 763 4204; x_wconf 88' lang='lat' dir='ltr'>instrumentum</span> <span class='ocrx_word' id='word_1_287' title='bbox 785 4160 883 4204; x_wconf 90' lang='lat' dir='ltr'>manu</span> <span class='ocrx_word' id='word_1_288' title='bbox 903 4137 1034 4204; x_wconf 84' lang='lat' dir='ltr'>alterius</span> <span class='ocrx_word' id='word_1_289' title='bbox 1049 4160 1101 4204; x_wconf 88' lang='lat' dir='ltr'>me</span> <span class='ocrx_word' id='word_1_290' title='bbox 1117 4137 1196 4202; x_wconf 87' lang='lat' dir='ltr'>alias</span> <span class='ocrx_word' id='word_1_291' title='bbox 1210 4137 1365 4222; x_wconf 89' lang='lat' dir='ltr'>legittime</span> 
     </span>
     <span class='ocr_line' id='line_1_37' title="bbox 169 4239 1365 4328; baseline 0.001 -23"><span class='ocrx_word' id='word_1_292' title='bbox 169 4239 338 4327; x_wconf 90' lang='lat' dir='ltr'>prepedito</span> <span class='ocrx_word' id='word_1_293' title='bbox 368 4240 507 4307; x_wconf 89' lang='lat' dir='ltr'>fideliter</span> <span class='ocrx_word' id='word_1_294' title='bbox 537 4244 692 4328; x_wconf 91' lang='lat' dir='ltr'>scriptum</span> <span class='ocrx_word' id='word_1_295' title='bbox 712 4242 831 4308; x_wconf 89' lang='lat' dir='ltr'>exinde</span> <span class='ocrx_word' id='word_1_296' title='bbox 855 4243 980 4309; x_wconf 85' lang='lat' dir='ltr'>confeci</span> <span class='ocrx_word' id='word_1_297' title='bbox 1002 4242 1179 4328; x_wconf 89' lang='lat' dir='ltr'>subscripsi</span> <span class='ocrx_word' id='word_1_298' title='bbox 1202 4240 1365 4328; x_wconf 84' lang='lat' dir='ltr'>pubhcavi</span> 
     </span>
     <span class='ocr_line' id='line_1_38' title="bbox 170 4345 1364 4435; baseline -0.001 -24"><span class='ocrx_word' id='word_1_299' title='bbox 170 4356 200 4411; x_wconf 87' lang='lat' dir='ltr'>et</span> <span class='ocrx_word' id='word_1_300' title='bbox 219 4349 255 4411; x_wconf 90' lang='lat' dir='ltr'>in</span> <span class='ocrx_word' id='word_1_301' title='bbox 279 4345 364 4411; x_wconf 91' lang='lat' dir='ltr'>hanc</span> <span class='ocrx_word' id='word_1_302' title='bbox 386 4346 550 4433; x_wconf 88' lang='lat' dir='ltr'>publicam</span> <span class='ocrx_word' id='word_1_303' title='bbox 572 4348 709 4413; x_wconf 88' lang='lat' dir='ltr'>formam</span> <span class='ocrx_word' id='word_1_304' title='bbox 731 4348 844 4435; x_wconf 87' lang='lat' dir='ltr'>redegi</span> <span class='ocrx_word' id='word_1_305' title='bbox 866 4350 1022 4435; x_wconf 86' lang='lat' dir='ltr'>signoque</span> <span class='ocrx_word' id='word_1_306' title='bbox 1038 4356 1071 4412; x_wconf 89' lang='lat' dir='ltr'>ct</span> <span class='ocrx_word' id='word_1_307' title='bbox 1085 4346 1268 4412; x_wconf 92' lang='lat' dir='ltr'>nominibus</span> <span class='ocrx_word' id='word_1_308' title='bbox 1284 4350 1364 4412; x_wconf 89' lang='lat' dir='ltr'>meis</span> 
     </span>
     <span class='ocr_line' id='line_1_39' title="bbox 170 4450 1364 4538; baseline 0.002 -24"><span class='ocrx_word' id='word_1_309' title='bbox 170 4450 267 4516; x_wconf 89' lang='lat' dir='ltr'>solitis</span> <span class='ocrx_word' id='word_1_310' title='bbox 291 4460 324 4515; x_wconf 91' lang='lat' dir='ltr'>ct</span> <span class='ocrx_word' id='word_1_311' title='bbox 347 4454 507 4516; x_wconf 87' lang='lat' dir='ltr'>consuetis</span> <span class='ocrx_word' id='word_1_312' title='bbox 530 4454 657 4538; x_wconf 87' lang='lat' dir='ltr'>signavi</span> <span class='ocrx_word' id='word_1_313' title='bbox 680 4452 834 4518; x_wconf 85' lang='lat' dir='ltr'>infidam</span> <span class='ocrx_word' id='word_1_314' title='bbox 858 4461 890 4518; x_wconf 88' lang='lat' dir='ltr'>et</span> <span class='ocrx_word' id='word_1_315' title='bbox 903 4454 1120 4518; x_wconf 87' lang='lat' dir='ltr'>testimonium</span> <span class='ocrx_word' id='word_1_316' title='bbox 1135 4453 1364 4538; x_wconf 91' lang='lat' dir='ltr'>premissorum</span> 
     </span>
     <span class='ocr_line' id='line_1_40' title="bbox 169 4557 560 4641; baseline 0.005 -22"><span class='ocrx_word' id='word_1_317' title='bbox 169 4564 300 4640; x_wconf 89' lang='lat' dir='ltr'>rogatus</span> <span class='ocrx_word' id='word_1_318' title='bbox 324 4563 357 4620; x_wconf 91' lang='lat' dir='ltr'>et</span> <span class='ocrx_word' id='word_1_319' title='bbox 377 4557 560 4641; x_wconf 87' lang='lat' dir='ltr'>requisitus.</span> 
     </span>
    </p>
   </div>
   <div class='ocr_carea' id='block_1_3' title="bbox 0 0 1698 5302">
    <p class='ocr_par' dir='ltr' id='par_1_5' title="bbox 0 0 1698 5302">
     <span class='ocr_line' id='line_1_41' title="bbox 0 0 1698 5302; baseline 0 3"><span class='ocrx_word' id='word_1_320' title='bbox 0 0 1698 5302; x_wconf 95' lang='lat' dir='ltr'> </span> 
     </span>
    </p>
   </div>
  </div>
 </body>
</html>
