3406 5300
277 383 342 450 360

381 578 464 646 Orig,
484 581 549 646 Pap.
575 581 701 633 Dentscb.
729 582 866 635 Petschaft
883 585 984 635 warin
1001 587 1113 651 gronam
1127 581 1242 634 Wachsa
1259 581 1308 633 anf
1323 579 1470 633 derllttch·

277 666 344 717 saite
363 664 548 733 autgedrttckt.

322 876 427 945 2203.
1118 888 1201 946 maa
1216 888 1287 945 tunt
1299 888 1329 953 a,
1345 888 1427 944 Rom.

279 1068 404 1152 Rapert
431 1068 550 1154 Spiepl,
582 1072 638 1136 der
665 1071 853 1155 Go'ttweiqer
874 1072 978 1156 Aperit
1008 1093 1053 1137 aa
1082 1073 1139 1138 der
1169 1072 1342 1138 romischea
1364 1070 1471 1152 carte,

278 1174 463 1240 therseadet
484 1176 550 1241 Aot
575 1175 724 1243 Mettica
747 1176 774 1242 Ι.
799 1177 858 1241 dos
886 1176 1034 1260 Oripiad
1064 1177 1120 1242 der
1149 1198 1250 1242 aaran
1270 1177 1472 1243 Eaemtioas-

279 1278 361 1344 balle
390 1280 458 1344 aad
488 1280 605 1345 aedae
625 1278 820 1346 Documenta
850 1282 919 1346 aad
947 1281 1060 1347 meldet
1090 1282 1229 1365 sapleteh
1251 1282 1311 1347 den
1333 1281 1400 1345 Yod
1420 1282 1474 1345 des

454 1386 491 1450 in
513 1384 596 1450 Rom
618 1384 792 1451 weileadea
814 1383 1005 1469 Gottwetyer
1026 1385 1139 1451 Priora
1161 1385 1302 1451 Johaaa.

385 1579 468 1644 Orig„
486 1580 551 1646 Pap.
582 1580 719 1632 Petscbaft
736 1586 815 1631 unter
833 1580 1015 1646 Papierdeche
1032 1580 1082 1631 auf
1097 1581 1144 1632 der
1161 1581 1306 1632 Rttchseite
1325 1582 1353 1631 in
1371 1579 1474 1630 rothem

283 1667 396 1718 Wachss
414 1666 604 1734 aulgsdrttckt3
623 1668 707 1733 Copta
725 1669 753 1718 in
772 1666 836 1718 Cod.
849 1669 901 1717 894
919 1668 1005 1735 (rothe
1023 1684 1071 1728 nn,
1090 1665 1249 1736 nntoliiart).

385 1788 510 1840 Adrasos:
537 1788 685 1840 Βιυονοηᾶο
699 1792 783 1854 petri,
801 1788 902 1839 domino
921 1790 1020 1841 Mathis
1037 1791 1125 1841 abbat
1141 1791 1289 1841 monade&
1304 1791 1396 1840 mmsis
1416 1788 1475 1840 oot-

282 1878 387 1927 tomas
404 1875 503 1926 ordinis
520 1880 604 1927 sancti
621 1875 753 1927 Benedicti
764 1876 927 1927 Paestanas
943 1876 1055 1939 dicente,
1067 1876 1169 1927 domino
1180 1883 1204 1927 et
1211 1879 1287 1943 paen·
1297 1894 1343 1928 suo
1351 1878 1476 1942 precioso.

386 2049 578 2115 Reverendo
616 2060 718 2136 pater,
757 2049 885 2114 domine
923 2049 1162 2116 colendissimel
1198 2060 1257 2116 etc.
1303 2051 1357 2115 Ex
1395 2052 1476 2116 meis

283 2154 501 2240 superioribus
529 2155 642 2221 litteris
672 2157 847 2242 paternitas
877 2180 908 2220 v.
933 2180 958 2220 r.
984 2156 1097 2221 babuit
1124 2156 1319 2222 intellexisse
1342 2157 1477 2221 fratrem

284 2259 448 2347 quondam
471 2259 660 2345 Iohannem,
683 2261 867 2347 professum
890 2263 1006 2326 montis
1029 2260 1244 2345 Gothicensis,
1267 2260 1346 2326 alias
1369 2262 1401 2326 in
1423 2283 1476 2326 ne-

283 2368 383 2452 gociis
416 2367 617 2452 paternitatis
651 2387 682 2429 v.
710 2388 736 2429 r.
769 2375 801 2430 et
834 2368 932 2431 vestri
963 2368 1147 2431 monasterii
1178 2365 1220 2430 ad
1252 2388 1304 2430 me
1334 2368 1476 2448 missum,

284 2469 395 2535 morbo
419 2468 543 2536 Gallico
573 2473 689 2534 misere
712 2469 912 2535 occubuisse.
959 2470 1114 2536 Habebat
1136 2493 1194 2557 per
1216 2471 1310 2557 plura
1332 2479 1478 2556 tempora

285 2585 360 2638 ante
392 2576 460 2639 eius
492 2573 613 2639 obitum
644 2574 761 2640 faciem
791 2574 909 2639 homini
944 2575 1078 2641 multum
1114 2575 1310 2659 dissimilem,
1346 2572 1478 2639 carebat

285 2700 367 2743 nasu
396 2681 465 2764 ipso
495 2679 608 2744 morbo
638 2679 749 2763 abesu,
782 2681 858 2744 item
889 2679 980 2744 oculo
1008 2704 1081 2765 uno,
1112 2690 1283 2766 praeterea
1311 2688 1410 2764 caput
1430 2688 1477 2743 tu·

285 2784 427 2849 moribus
449 2787 666 2868 ingrassatum
689 2787 793 2871 ipsum
815 2784 1081 2870 inaguoscibilem
1103 2785 1254 2850 reddens.
1279 2782 1418 2849 Petebat
1433 2785 1478 2847 in·

287 2911 394 2974 super,
417 2898 453 2953 ut
475 2891 610 2975 quisque
633 2888 796 2954 hominum
820 2891 923 2954 eciam
943 2899 1059 2955 statuto
1076 2912 1269 2977 quocunque
1284 2891 1393 2975 precio
1409 2891 1478 2953 eins

288 3015 399 3058 curam
429 3015 543 3078 gerere
573 2993 831 3078 pertimescebat.
878 2992 1026 3059 Tandem
1054 3017 1095 3058 ne
1117 2995 1320 3058 incomitatus
1343 3002 1479 3058 mortem

288 3098 400 3182 obiret,
431 3098 578 3163 ordinavi
607 3100 713 3184 ipsum
742 3100 775 3163 in
798 3098 955 3186 hospitale
978 3120 1003 3163 s.
1020 3097 1171 3164 Iohannis
1193 3101 1226 3163 in
1249 3097 1359 3183 vigilia
1380 3120 1479 3184 pasce

288 3203 402 3284 (Moira
423 3204 491 3287 30),
521 3205 555 3267 in
587 3225 649 3289 quo
680 3225 805 3268 summa
835 3202 980 3268 adhibita
1008 3226 1087 3267 cura
1109 3212 1180 3267 octo
1204 3203 1320 3268 diebus
1344 3204 1425 3267 vixit
1449 3212 1481 3266 et

289 3317 399 3393 postea
430 3309 571 3372 animam
601 3330 658 3372 suo
682 3309 819 3373 creatori
842 3307 992 3374 reddidit.
1038 3309 1098 3374 Est
1120 3329 1248 3394 quoqne
1270 3309 1303 3372 in
1327 3308 1480 3372 cimiterio

288 3412 455 3498 hospitalis
476 3412 631 3496 eiusdem,
654 3423 690 3476 ut
705 3412 931 3498 presbyterum
949 3413 1052 3491 decet,
1077 3413 1252 3477 honorifice
1268 3412 1480 3495 subterratus,

289 3518 380 3581 cuius
402 3518 510 3580 anima
532 3519 714 3603 requiescat
735 3519 768 3581 in
790 3539 882 3602 pace.
920 3517 1097 3582 Procuravi
1119 3516 1289 3582 nonnullas
1311 3517 1425 3581 missas
1447 3517 1481 3579 in

289 3629 473 3685 sanctorum
507 3619 659 3685 Iohannis
691 3619 874 3687 Sebastiani
908 3632 939 3685 et
969 3620 1119 3706 Gregorii
1153 3620 1296 3685 ecelesiis
1327 3641 1384 3706 pro
1412 3621 1481 3683 eius

290 3727 397 3789 anima
420 3724 587 3810 celebrari,
610 3725 776 3790 residuum
792 3728 1003 3813 exequiarum
1020 3728 1181 3791 committo
1197 3726 1380 3811 paternitati
1396 3746 1427 3787 v.
1444 3747 1481 3808 r.,

290 3852 348 3916 pro
379 3833 471 3894 cuius
494 3828 615 3894 honore
639 3839 671 3894 et
692 3832 876 3894 monasterii
900 3830 1067 3895 commodo
1091 3832 1238 3917 spiritum
1261 3831 1372 3894 emisit.
1418 3828 1483 3893 Ex·

291 3936 382 4021 posui
416 3956 474 4021 pro
505 3932 649 4016 medicis,
680 3936 879 3999 aromatariis
910 3944 942 3999 et
972 3934 1041 3999 aliis
1071 3956 1128 4020 pro
1159 3933 1383 4020 recuperanda
1413 3934 1482 3998 eius

291 4041 425 4104 sanitate
460 4037 614 4103 ordinatis
649 4037 781 4103 ducatos
815 4049 948 4126 septem.
999 4039 1119 4104 Mansit
1152 4049 1301 4125 preterea
1335 4061 1393 4124 pro
1428 4060 1483 4102 ex·

290 4144 399 4230 pensis
429 4142 589 4227 obligatus
619 4142 696 4208 mihi
725 4146 758 4207 in
787 4142 920 4208 ducatos
951 4143 1027 4228 XV,
1059 4146 1114 4230 qui
1137 4143 1265 4209 insimul
1288 4144 1485 4208 constituunt

292 4248 425 4313 ducatos
457 4249 569 4333 viginti
600 4247 691 4331 duos,
720 4257 817 4334 prout
845 4249 914 4334 ipse
938 4248 1085 4314 dominns
1107 4248 1268 4314 Iohannes
1290 4248 1406 4312 harum
1429 4270 1483 4312 ex·

292 4352 410 4418 bibitor
439 4351 599 4417 calculum
630 4352 719 4417 vidit.
764 4351 907 4417 Eosdem
936 4352 1098 4439 perditum
1128 4354 1175 4417 ire
1206 4352 1333 4437 vellem,
1362 4354 1485 4417 utinam

291 4459 523 4545 superviveret.
574 4454 808 4522 Commendavi
844 4459 905 4543 ipsi
943 4457 1072 4522 domino
1109 4456 1248 4522 Iohanni
1284 4458 1484 4544 paternitatis

292 4586 324 4627 v.
349 4583 376 4627 r.
399 4560 607 4648 presentandi
637 4560 798 4626 bullarum
828 4564 936 4647 copias
964 4563 1042 4628 alias
1073 4562 1162 4648 apud
1189 4585 1251 4647 me,
1280 4560 1357 4626 dum
1379 4570 1484 4646 pater-

293 4671 375 4732 nitas
409 4689 439 4733 ν.
469 4689 493 4731 r.
527 4677 596 4731 erat
629 4668 661 4730 in
696 4665 798 4746 Urbe,
832 4666 969 4749 relictas,
1003 4669 1078 4732 item
1111 4676 1366 4753 transsumptum
1398 4664 1484 4730 bulle
