3388 5302
315 401 358 466 92

315 620 393 662 num
421 595 585 683 quendam
607 619 745 683 puerum
768 619 873 683 nuper
895 608 1058 686 patratum
1081 623 1142 687 per
1162 612 1271 667 vestre
1294 628 1320 669 r.
1336 626 1366 690 p.
1391 607 1512 694 scripta

314 704 372 767 toti
394 700 528 767 Austrie
557 711 646 788 petet
675 711 708 767 et
737 723 824 767 nnnc
853 725 914 789 per
942 705 1086 790 picturas
1117 705 1263 773 eiusdem
1289 712 1511 797 unusquisque

316 808 491 891 cognoscit,
521 828 585 893 quc
615 816 709 892 pacto
740 815 871 872 sanctus
899 810 1011 874 martir
1032 809 1183 876 multatus
1206 814 1255 896 sit,
1280 813 1366 898 quod
1388 814 1512 881 factum

315 933 451 977 concors
475 920 525 976 eat
546 912 703 997 impietati
723 933 784 997 per
806 911 938 978 eosdem
961 912 1079 979 Iudeos
1102 916 1136 980 in
1159 915 1291 981 Austrie
1312 918 1511 1005 temporibus

315 1015 436 1082 domini
459 1015 586 1082 Alberti
615 1019 702 1103 regis
733 1018 912 1101 commisse,
944 1017 985 1083 de
1016 1040 1080 1105 quo
1110 1018 1188 1084 nihil
1215 1020 1352 1108 amplius
1376 1032 1510 1103 constat,

315 1145 413 1210 quam
436 1120 522 1208 quod
546 1143 657 1187 omnes
680 1124 875 1188 sacramenti
897 1122 1074 1189 eukaristie
1097 1128 1145 1189 rei
1167 1127 1201 1189 in
1224 1125 1276 1191 die
1300 1129 1404 1192 sancti
1431 1127 1510 1194 Gre·

315 1230 395 1315 gorii
417 1249 503 1292 anno
526 1236 588 1292 eto.
611 1226 697 1292 XXI
719 1228 820 1309 (1421
843 1228 942 1310 April
963 1231 1021 1315 24)
1044 1231 1127 1316 ignis
1150 1230 1306 1317 supplicio
1321 1232 1512 1299 interierunt

314 1343 424 1419 preter
455 1331 525 1417 hos,
564 1334 618 1418 qui
652 1331 853 1417 baptismatis
887 1331 1053 1400 locucione
1088 1337 1209 1400 crimen
1244 1335 1510 1420 emendaverunt,

315 1439 406 1501 cuius
440 1439 488 1501 rei
521 1435 663 1519 historia,
697 1437 724 1501 si
755 1436 891 1501 fortasse
923 1439 1050 1525 scriptis
1083 1449 1334 1505 commemorata
1366 1439 1511 1507 nondum

314 1550 423 1606 tamen
452 1539 585 1626 vulgata
615 1549 673 1605 est.
719 1540 843 1606 Verum
873 1539 1031 1627 quidquid
1062 1545 1095 1607 in
1124 1545 1336 1629 inquisicione
1358 1546 1448 1610 istius
1470 1567 1511 1610 ac

315 1644 451 1711 aliarum
480 1644 685 1711 historiarum
715 1644 757 1710 ad
780 1644 1055 1732 complacenciam
1078 1657 1186 1713 vestre
1209 1671 1240 1734 p.
1265 1649 1373 1714 facere
1395 1653 1511 1736 poteri-

313 1772 396 1833 mus,
426 1752 530 1835 parati
560 1771 680 1815 sumus.
725 1750 780 1815 Ex
803 1749 954 1816 Gottbico
977 1752 1010 1815 in
1034 1750 1086 1816 die
1114 1762 1225 1817 sancte
1250 1753 1352 1818 Lucie
1375 1755 1511 1839 virginis

315 1876 399 1920 anno
422 1864 483 1920 etc.
509 1854 638 1919 LXXV
660 1876 719 1940 per
741 1854 960 1920 Laurencium
983 1855 1147 1921 abbatem.

360 2116 459 2184 1857.
1112 2122 1196 2181 ltro
1212 2124 1293 2181 llum
1308 2125 1338 2190 8,
1354 2125 1466 2183 Trlent.

315 2307 455 2390 Bischof
469 2307 601 2374 Jotann
622 2329 683 2373 voa
705 2308 816 2374 Trient
841 2308 975 2374 schreibt
996 2310 1067 2374 dem
1088 2310 1171 2375 Abte
1192 2309 1316 2375 Ιιονεπε
1337 2331 1398 2376 von
1421 2312 1512 2379 Gott-

314 2414 393 2497 wetq
421 2433 526 2498 wepcn
555 2413 612 2478 der
641 2434 702 2478 von
730 2413 797 2477 dm
827 2412 939 2495 frdber
967 2414 1129 2479 erbetcnca
1160 2414 1277 2497 Goploa
1305 2437 1366 2482 von
1393 2417 1512 2483 Haud·

832 2517 993 2601 schriftea.

418 2624 503 2691 copto
520 2625 549 2675 in
567 2623 667 2674 eous
684 2622 702 2678 t.
716 2625 758 2675 cn.

420 2798 612 2865 Reverendo
636 2808 696 2864 etc.
729 2797 911 2863 Laurencio
941 2798 1052 2864 abbati
1082 2803 1266 2865 monasterii
1290 2800 1512 2868 Gottbicensis

315 2906 435 2971 ordinis
466 2907 570 2970 sancti
592 2903 762 2971 Benedicti
784 2904 986 2969 Pataviensis
1017 2904 1165 2990 diocesis,
1193 2908 1296 2970 amico
1318 2917 1428 2971 nostro
1451 2908 1512 2972 sin-

315 3010 419 3097 gulari
441 3009 603 3075 Iohannes
633 3008 687 3073 dei
716 3011 828 3096 gracia
858 3010 1028 3094 episcopus
1051 3009 1270 3075 Tridentinus.
1316 3011 1512 3077 Reverende

314 3117 346 3180 in
378 3113 505 3181 Christo
535 3115 642 3201 pater!
673 3124 734 3179 etc.
788 3114 981 3200 Recepimus
1011 3116 1133 3200 scripta
1165 3137 1195 3202 p.
1229 3124 1336 3180 vestre
1369 3137 1512 3182 unacum

315 3219 446 3285 historia
476 3220 546 3284 sive
573 3217 713 3303 legenda
736 3217 823 3283 beati
845 3217 1012 3284 Altmanni
1033 3218 1236 3284 Pataviensis
1259 3219 1424 3306 quondam
1447 3223 1513 3307 epi·

315 3326 404 3411 scopi
438 3347 477 3389 ac
511 3322 691 3389 fundatoris
721 3325 906 3388 monasterii
936 3326 1035 3388 vestri
1066 3323 1159 3389 nobis
1192 3334 1280 3390 certe
1311 3324 1512 3411 periocunda

315 3438 412 3516 atque
442 3429 625 3514 gratissima
655 3427 770 3493 multas
799 3429 928 3514 gracias
959 3427 1116 3494 habentes
1140 3428 1257 3512 eidem,
1282 3451 1345 3515 que
1370 3451 1405 3494 se
1428 3429 1513 3495 adeo

315 3555 449 3621 pronam
474 3542 506 3598 et
528 3532 711 3599 benivolam
733 3535 764 3597 in
789 3555 828 3597 ea
850 3554 885 3598 re
908 3556 929 3598 a
951 3532 1044 3599 nobis
1066 3535 1168 3621 petita
1190 3533 1347 3617 exhibuit,
1377 3557 1420 3599 ex
1447 3557 1513 3620 qua

315 3639 523 3723 cognovimns
552 3659 616 3703 non
646 3637 734 3702 illum
757 3636 843 3702 hunc
866 3637 965 3702 luisse
989 3639 1187 3724 episcopum,
1210 3661 1308 3725 quem
1331 3638 1512 3705 arbitraba·

314 3765 388 3808 mur
416 3742 491 3807 olim
517 3741 571 3807 hic
601 3743 741 3827 primum
775 3764 815 3806 ac
850 3741 968 3807 deinde
1003 3741 1045 3806 ad
1080 3741 1250 3807 ecclesiam
1284 3743 1511 3809 Pataviensem

314 3846 514 3913 translatum.
559 3845 714 3912 Attamen
746 3869 858 3912 carum
888 3856 921 3911 et
949 3857 1077 3932 gratum
1107 3846 1199 3913 nobis
1230 3847 1290 3912 fuit
1312 3846 1511 3913 intellexisse

314 3954 383 4017 eius
413 3960 515 4017 vitam
545 3961 578 4017 et
608 3953 723 4016 merita
749 3951 888 4037 gloriosa
915 3953 1028 4017 merito
1051 3950 1140 4038 apud
1163 3951 1261 4016 deum
1284 3962 1317 4017 et
1338 3951 1512 4018 ecelesiam

314 4054 498 4122 attollenda.
529 4055 692 4121 Nonnulla
715 4067 823 4122 tamen
846 4058 878 4120 in
902 4055 1017 4120 eadem
1040 4057 1162 4120 inserta
1184 4055 1226 4120 de
1247 4056 1349 4137 Gotis,
1372 4057 1511 4123 Bauaris

314 4171 347 4227 et
367 4162 494 4226 Noricis
524 4183 564 4226 ec
593 4163 710 4226 montis
739 4160 822 4226 illius
846 4171 878 4225 et
901 4161 1035 4225 nominis
1058 4162 1350 4246 interpretacione¹
1373 4161 1509 4227 aliorum

314 4268 506 4353 scriptorum
537 4288 576 4331 ac
603 4264 828 4331 historicorum
855 4266 1007 4330 minime¹
1030 4286 1172 4330 consona
1193 4264 1357 4349 videntur,
1380 4266 1422 4331 de
1446 4289 1510 4353 quo

314 4440 395 4495 1857.
419 4426 499 4492 iDio
526 4442 596 4508 jetat
624 4441 694 4492 noch
723 4441 886 4492 unsicheren
915 4441 971 4491 und
1001 4440 1218 4492 schwanlrendcn
1244 4441 1436 4508 Erhlttrnngen
1463 4442 1511 4493 des

313 4531 432 4581 Nemens
455 4529 588 4592 Ohotwilr,
615 4529 719 4580 welche
746 4531 796 4580 mit
817 4529 865 4579 der
886 4528 1042 4595 Erkltrung
1063 4528 1110 4580 des
1127 4529 1279 4579 Verfassers
1306 4528 1353 4579 der
1370 4529 1436 4580 Vita
1452 4529 1512 4580 Alt-

314 4619 406 4669 manni
425 4617 473 4684 (M.
486 4618 519 4670 G.
532 4616 577 4669 SS.
591 4616 654 4680 ΧΠ,
672 4616 736 4683 tet)
754 4615 831 4668 nicht
848 4616 1095 4681 ttbersinstimmen,
1117 4616 1212 4667 hatten
1230 4616 1287 4667 also
1304 4614 1409 4667 damula
1427 4617 1511 4669 echon

315 4705 465 4757 Vorltufer.
