3916 5292
1313 378 1378 445 399

286 560 339 622 Die
362 559 582 639 &anologiscbe
599 561 769 639 Eiareibung
792 564 838 622 des
861 565 1032 624 undaderten
1050 566 1190 624 Baricbtcs
1212 574 1286 623 eines
1304 572 1378 624 Gott-

183 660 284 727 weiger
300 659 427 711 Mouches
446 661 535 727 ergibt
552 661 609 711 sich
627 675 675 711 aus
693 660 739 711 der
757 661 915 711 inseriertcn
933 659 1014 710 Bulle
1032 659 1115 725 Papst
1132 659 1267 711 Nicolaus'
1280 658 1313 710 V.
1326 676 1379 710 von

185 747 252 795 141⁸
270 746 373 797 Janner
388 748 428 808 tv,
446 748 592 827 Keretapa,
611 747 665 797 und
684 747 850 812 Kaiblingea
869 745 944 797 Melk
963 746 985 807 Ι,
1003 747 1054 796 487
1070 762 1098 798 ιι.
1111 747 1170 795 492.

288 887 481 953 Reverendo
515 889 620 973 pater!
669 887 786 952 Nostro
821 887 1017 951 visitacionis
1051 885 1166 951 modus
1199 885 1272 953 talis
1304 886 1378 952 fuit:

184 994 287 1078 primo
320 991 524 1057 venientibus
559 991 776 1057 visitatoribus
810 993 843 1056 in
877 1002 984 1057 monte
1018 990 1232 1077 pulsabantur
1269 1012 1380 1057 omnes

183 1119 342 1184 campane
371 1108 404 1162 et
432 1095 554 1162 tamdiu
581 1096 692 1183 pulsus
722 1095 980 1179 continuabatur,
1012 1118 1179 1182 quousque
1209 1098 1271 1182 ipsi
1304 1097 1377 1161 visi-

185 1212 304 1268 tatores
337 1201 380 1267 ab
414 1205 482 1269 eius
513 1205 546 1267 in
577 1202 674 1268 choro
705 1202 883 1289 surgebant
912 1203 1073 1267 oracione.
1117 1201 1201 1267 Item
1231 1200 1381 1266 dominus

186 1306 290 1374 abbas
320 1329 426 1394 cappa
455 1306 586 1375 indutus
617 1318 688 1372 erat
718 1306 861 1372 similiter
891 1308 1030 1372 sarreria
1058 1316 1090 1371 et
1111 1308 1258 1370 cirotecis
1281 1314 1313 1371 et
1334 1306 1381 1371 in·

186 1411 255 1477 sula
285 1421 317 1476 et
346 1410 481 1477 baculus
511 1410 680 1497 pastoralis
710 1409 899 1497 portabatur
929 1432 988 1496 per
1018 1433 1069 1476 me
1101 1413 1204 1476 eciam
1233 1409 1381 1476 indutum

189 1539 294 1602 cappa
323 1526 356 1581 et
377 1513 526 1581 dominus
549 1518 637 1601 prior
659 1518 762 1581 eciam
784 1515 916 1581 indutus
940 1537 1072 1581 crucem
1094 1513 1263 1581 deferebat
1285 1524 1318 1580 et
1338 1517 1382 1580 ita

189 1622 451 1707 processionatim
479 1619 650 1686 exibamus
678 1642 789 1686 ornnes
811 1630 887 1685 ante
909 1629 1036 1707 portam
1058 1642 1199 1686 unacum
1221 1629 1383 1686 conventu

190 1736 222 1791 et
250 1723 416 1791 stabamus
445 1723 521 1791 hinc
551 1735 585 1790 et
613 1724 700 1809 hinc,
727 1727 811 1790 sicut
837 1723 965 1790 solitum
992 1736 1062 1791 erat
1083 1727 1115 1789 in
1139 1723 1246 1790 choro.
1292 1725 1383 1790 Prior

188 1840 297 1895 tamen
326 1831 360 1894 in
392 1829 499 1895 medio
529 1828 638 1895 stabat
668 1828 757 1894 chori
787 1838 820 1893 et
850 1839 1021 1916 postquam
1048 1830 1111 1915 ipsi
1137 1831 1319 1895 visitatores
1341 1827 1384 1893 ad

189 1944 316 2020 portam
344 1933 651 2020 appropinquabant
680 1933 777 1999 etad
801 1943 1005 2016 conventum,
1029 1932 1176 1999 dominus
1198 1933 1302 1999 abbas
1325 1932 1385 1998 fuit

191 2042 237 2105 eis
259 2042 293 2104 in
315 2037 445 2103 obviam
469 2060 528 2124 per
551 2037 685 2103 chorum
707 2048 740 2103 et
761 2061 826 2104 non
841 2037 925 2103 ultra
939 2040 1017 2124 ipsis
1032 2037 1228 2125 porrigendo
1243 2059 1383 2104 crucem.

191 2144 244 2209 Ex
267 2152 339 2230 post
361 2165 438 2208 vero
462 2164 548 2228 aqua
571 2141 744 2207 benedicta
766 2164 821 2207 eos
843 2142 1040 2228 aspergebat
1061 2143 1206 2209 similiter
1228 2152 1261 2208 et
1275 2141 1385 2208 thurif-

191 2247 313 2314 ficabat
335 2245 466 2313 eosdem
491 2256 523 2311 et
544 2246 739 2332 respiciebat
762 2268 817 2312 eos
839 2245 882 2312 ad
905 2269 1019 2313 manus
1043 2257 1075 2313 et
1096 2250 1130 2313 in
1152 2247 1258 2313 medio
1273 2270 1385 2314 eorum

191 2354 260 2418 ibat
289 2374 392 2439 usque
421 2351 465 2416 ad
495 2351 629 2417 eborum
660 2360 694 2416 et
722 2353 838 2417 iterum
869 2352 1061 2418 cantabatur
1083 2352 1137 2417 R.:
1168 2353 1277 2418 Deum
1299 2354 1384 2418 time.

192 2458 299 2523 Finito
322 2456 374 2521 illo
396 2454 611 2542 incipiebatur
633 2455 688 2520 R.:
712 2456 808 2521 Felix
831 2478 981 2542 namque.
1004 2457 1048 2521 Et
1068 2458 1197 2522 interim
1211 2478 1271 2543 per
1284 2465 1386 2522 totum

194 2559 441 2627 continuabatur
454 2560 576 2647 pulsus.
600 2560 815 2626 Venientibus
830 2564 939 2647 itaque
960 2564 1005 2627 eis
1028 2561 1073 2627 ad
1095 2561 1229 2627 ecclesie
1253 2560 1387 2627 chonam

194 2676 287 2732 erant
307 2665 429 2731 ibidem
452 2686 608 2751 scampna
629 2664 785 2751 disposita
807 2676 840 2731 et
862 2676 974 2731 ornata
996 2668 1112 2752 pannis
1135 2675 1168 2730 et
1187 2668 1323 2732 cussinis
1342 2666 1387 2732 ibi

194 2792 301 2857 genua
333 2769 510 2835 flectebant
538 2780 572 2835 et
599 2773 633 2834 in
663 2791 775 2835 eorum
805 2769 911 2836 medio
942 2770 1091 2836 dominus
1121 2771 1225 2836 abbas
1254 2770 1387 2836 tandem

194 2878 271 2961 ipsis
302 2873 506 2940 flectentibus
538 2873 685 2939 dominus
714 2874 818 2940 abbas
842 2874 997 2960 surgebat
1018 2898 1053 2940 se
1076 2898 1200 2942 exuens
1223 2898 1327 2962 cappa
1350 2898 1389 2940 ac

196 2980 264 3044 aliis
294 2989 327 3043 ct
356 2982 472 3045 iterum
499 3001 554 3044 eos
577 2980 715 3045 accessit
736 2978 897 3045 flectendo
918 3002 1027 3064 genua
1050 2989 1082 3045 et
1103 2983 1231 3058 interim
1254 2980 1389 3045 collecta

197 3084 238 3149 de
268 3084 365 3149 beata
394 3085 519 3169 virgine
549 3082 715 3148 videlicet:
742 3086 892 3148 acciones
914 3094 1039 3149 nostras
1062 3106 1237 3171 quesumus
1260 3085 1388 3150 domine

197 3197 257 3255 etc.
289 3187 469 3274 legebatur.
514 3189 597 3273 Ipsis
628 3188 726 3252 finitis
749 3187 791 3253 ab
815 3191 964 3254 oracione
988 3188 1164 3274 surgebant
1186 3199 1220 3254 et
1241 3189 1388 3255 dominus

197 3292 299 3358 abbas
330 3315 383 3358 eos
414 3292 458 3357 ad
488 3314 598 3357 eorum
630 3290 772 3356 ducebat
800 3291 1021 3358 habitaciones
1052 3304 1084 3359 et
1112 3297 1158 3359 sic
1190 3293 1243 3360 die
1273 3294 1389 3360 eadem

196 3397 294 3463 nichil
320 3397 408 3463 aliud
438 3397 547 3463 fiebat.
592 3396 691 3462 Mane
714 3407 821 3461 autem
844 3398 929 3463 facto
952 3399 1128 3484 capitulum
1151 3399 1390 3465 convocabatur

199 3512 230 3569 et
253 3502 402 3568 dominus
424 3501 528 3567 abbas
551 3512 583 3567 et
605 3511 783 3567 conventus
806 3524 895 3567 more
918 3502 1009 3568 solito
1031 3506 1065 3569 in
1080 3503 1285 3570 inferioribus
1299 3505 1389 3570 sede-

198 3608 277 3674 bant
307 3609 468 3693 scampnis
499 3605 815 3694 disponebanturque
838 3607 902 3672 illic
925 3630 1081 3695 scampno
1102 3613 1216 3694 pannis
1239 3620 1390 3695 cooperta

197 3734 254 3799 pro
265 3710 493 3795 visitatoribus,
510 3710 627 3796 quibus
642 3713 687 3777 ita
702 3710 894 3777 intrantibus
906 3711 1057 3777 videlicet
1071 3712 1190 3779 abbate
1207 3711 1249 3778 de
1261 3713 1389 3779 Reuma

200 3828 231 3883 et
261 3816 389 3881 domino
420 3817 527 3901 priore
559 3816 599 3880 de
624 3815 809 3882 Gemnichk
840 3839 980 3882 unacum
1010 3816 1163 3882 fraribus
1194 3817 1320 3883 duobus
1349 3817 1390 3882 de

199 3919 342 3988 Sublacu
371 3943 411 3986 ac
436 3919 563 3986 domino
587 3919 763 3986 marscalco
787 3920 879 3986 ducis
901 3925 1001 3986 nostri
1024 3932 1056 3986 et
1078 3921 1203 3987 Mathia
1224 3922 1330 3987 sorar
1352 3925 1390 3987 si-

198 4024 317 4092 militer
342 4035 374 4091 et
396 4023 499 4089 tribus
523 4024 708 4090 doctoribus
732 4024 879 4091 dominus
901 4024 1004 4091 abbas
1028 4035 1059 4091 et
1082 4036 1258 4093 conventus
1282 4049 1390 4114 surge-

199 4130 278 4196 bant
300 4131 377 4216 ipsis
397 4130 524 4215 signum
544 4131 732 4194 reverencie
749 4128 913 4195 exibendo
929 4140 963 4193 et
977 4131 1023 4194 sic
1039 4129 1188 4196 omnibus
1203 4130 1391 4198 sedentibus

201 4236 348 4301 dominus
380 4232 484 4299 abbas
513 4232 554 4298 de
576 4233 712 4299 Revvma
742 4233 837 4298 dixit:
868 4232 1061 4318 benedicite,
1090 4243 1122 4299 et
1145 4245 1322 4301 conventus
1344 4258 1391 4302 rc·

200 4339 330 4426 spondit
353 4349 384 4404 et
406 4337 556 4404 adiunxit
576 4336 664 4403 idem
686 4337 804 4403 abbas:
828 4338 1010 4404 reverende
1032 4348 1124 4424 pater
1147 4349 1179 4404 et
1193 4338 1393 4406 dilectissimi

200 4444 331 4510 babes!
370 4443 437 4508 Nos
460 4441 503 4509 ad
525 4443 633 4509 locum
654 4446 751 4508 istum
773 4446 921 4510 venimus
944 4446 1137 4510 visitacionis
1161 4466 1260 4510 cansa
1282 4467 1321 4510 ac
1343 4468 1391 4510 rc·

200 4549 406 4616 formacionis
436 4558 468 4613 et
490 4548 533 4614 ab
556 4547 797 4615 reformandum
821 4572 869 4633 ea,
893 4571 956 4636 que
979 4551 1164 4615 necessaria
1185 4550 1305 4615 fixerint
1326 4560 1393 4614 tam

201 4657 233 4720 in
264 4651 483 4741 spiritualibus
514 4675 612 4740 quam
641 4655 673 4717 in
702 4652 940 4740 temporalibus,
967 4664 1034 4719 tarn
1056 4655 1217 4741 incapite
1241 4676 1338 4740 quam
1358 4655 1392 4719 in
