3364 5300
308 419 373 487 238

306 611 379 679 liter
408 635 505 699 quam
536 611 652 678 devote
682 613 794 678 annuit
824 622 857 678 et
887 614 1074 679 consenssit.
1119 613 1252 678 Extunc
1274 614 1379 699 ipsum
1403 612 1501 678 domi-

308 740 386 784 num
415 716 553 782 electum
584 716 625 781 de
655 716 725 782 loco
755 716 924 781 eleccionis
956 726 988 781 et
1018 716 1186 803 capitulari
1209 720 1243 782 in
1265 715 1436 783 ecclesiam
1458 716 1501 782 ad

308 844 468 888 summum
498 821 600 888 altare
630 821 727 887 beate
756 823 890 908 virginis
920 821 982 887 sub
1009 822 1090 887 stola
1121 821 1274 887 duximus
1303 820 1503 908 aliquantum

307 929 460 1013 temporis
490 948 525 991 se
552 925 673 992 ibidem
703 936 959 1012 prosternentem
988 926 1095 992 nobis:
1129 927 1177 992 Te
1207 925 1305 992 deum
1331 926 1503 993 laudamus

309 1031 442 1118 pulsatis
473 1034 639 1117 campanis
670 1030 884 1116 cantantibus,
907 1031 1040 1097 tandem
1061 1034 1096 1097 in
1118 1031 1210 1096 stallo
1234 1031 1348 1118 prelati
1371 1031 1503 1097 colloca·

307 1139 413 1203 vimus
447 1157 573 1202 necnon
607 1136 803 1202 eleccionem
837 1138 884 1201 sic
914 1144 949 1200 ut
978 1138 1174 1223 premittitur
1205 1136 1246 1201 de
1280 1139 1349 1222 ipso
1382 1137 1502 1202 lactem

308 1241 398 1328 apud
426 1241 528 1306 altare
560 1250 670 1306 sancte
701 1244 806 1306 crucis
835 1243 869 1306 in
900 1240 1007 1306 medio
1028 1243 1213 1306 monasterii
1234 1241 1344 1327 populi
1367 1240 1504 1305 multitu·

309 1345 384 1412 dine
407 1344 505 1411 adid
528 1344 710 1411 confluente
733 1368 774 1409 ac
796 1347 865 1430 ipso
889 1344 1018 1410 domino
1040 1345 1144 1410 electo
1162 1355 1314 1432 presente
1329 1347 1363 1410 in
1378 1345 1505 1430 vulgari

310 1472 458 1516 sermone
488 1449 623 1515 fecimus
653 1472 713 1536 per
744 1448 867 1514 dictum
897 1448 1062 1515 dominnm
1083 1449 1262 1515 Iohannem
1285 1448 1451 1515 doctorem
1473 1459 1506 1514 et

310 1554 482 1623 officialem
504 1553 674 1641 publicari.
705 1552 833 1619 Idcirco
856 1564 998 1620 vestram
1020 1553 1324 1620 reverendissimam
1347 1553 1378 1620 d.
1395 1553 1505 1619 debite

310 1683 350 1724 ac
374 1659 491 1724 devote
514 1668 547 1723 et
568 1660 761 1723 unanimiter
781 1679 944 1745 rogemus,
968 1669 1128 1743 quatenus
1149 1657 1349 1724 eleccionem
1365 1657 1503 1723 eandem

309 1786 436 1829 necnon
458 1765 564 1849 ipsum
587 1772 731 1828 nosmum
754 1761 890 1828 electum
914 1762 1090 1849 dignemini
1113 1761 1285 1849 benignius
1301 1764 1503 1847 confirmare,

310 1876 347 1933 ut
366 1866 427 1932 deo
450 1877 582 1933 auctore
605 1867 698 1932 nobis
721 1876 754 1932 et
775 1869 969 1933 monasterio
992 1876 1100 1932 nostro
1123 1867 1211 1932 velut
1232 1877 1344 1954 pastor
1357 1866 1506 1955 ydoneus

310 1972 418 2038 valeat
440 1994 570 2058 preesse
594 1982 627 2037 et
648 1971 804 2058 prodesse
828 1994 949 2059 nosque
972 1994 1011 2037 ac
1034 1971 1088 2037 alii
1111 1970 1232 2037 subditi
1254 1972 1316 2038 sub
1337 1974 1438 2059 ipsius
1458 1996 1506 2038 re·

310 2078 430 2161 gimine
464 2098 573 2142 coram
608 2076 669 2142 deo
699 2080 857 2163 possimus
891 2076 1062 2142 salubriter
1095 2076 1239 2143 militare.
1285 2076 1438 2144 Ceterum
1472 2086 1508 2142 ut

311 2191 420 2247 vestra
447 2182 717 2247 reverendissima
739 2182 771 2247 d.
794 2193 968 2268 cognoscat
990 2181 1170 2247 evidentius
1193 2192 1267 2248 vota
1290 2185 1432 2248 omnium
1453 2204 1506 2247 no-

312 2298 413 2353 strum
445 2287 479 2350 in
513 2285 665 2372 predictis
699 2286 903 2371 singulariter
937 2285 1151 2351 concordasse
1182 2308 1220 2351 ac
1250 2288 1285 2351 in
1314 2288 1508 2371 peticionem

310 2391 494 2457 huiusmodi
534 2392 703 2455 unanimes
746 2392 887 2454 existere
928 2392 1085 2476 presentis
1127 2389 1298 2455 eleccionis
1339 2388 1507 2455 decretum

311 2494 418 2562 eidem
447 2504 555 2560 vestre
585 2494 855 2560 reverendissime
879 2494 909 2559 d.
931 2496 1174 2560 transmittimus
1196 2495 1334 2581 propriis
1356 2494 1507 2560 manibus

312 2600 471 2665 dictorum
503 2599 706 2665 dominorum
738 2600 1086 2685 compromissariorum
1108 2621 1147 2664 ac
1170 2597 1340 2664 cuiuslibet
1360 2608 1507 2665 nostmm

312 2726 439 2770 necnon
469 2707 583 2770 notarii
612 2704 808 2790 infrascripti
838 2703 1080 2790 subscripcione
1102 2702 1164 2769 snb
1187 2706 1384 2791 appensione
1407 2706 1507 2770 nostri

312 2808 406 2895 sigilli
428 2808 649 2875 conventualis
672 2810 705 2875 in
726 2810 829 2875 forma
851 2812 1014 2875 autentica
1035 2808 1202 2874 roboratis.
1239 2809 1326 2875 Acta
1346 2819 1423 2876 sunt
1444 2809 1507 2875 hec

311 2916 346 2978 in
374 2915 567 2979 monasterio
590 2915 823 2980 Gottwicennsi
851 2936 936 2979 anno
966 2937 986 2979 a
1009 2916 1175 2979 nativitate
1198 2912 1319 2979 domini
1340 2913 1507 2981 millesimo

312 3016 629 3105 quadringentesimo
652 3020 869 3103 octuagesimo
892 3040 985 3101 ncnc,
1010 3017 1063 3082 die
1086 3029 1252 3083 otmense
1275 3016 1392 3104 quibus
1408 3041 1508 3106 supra

311 3122 391 3187 hora
413 3122 558 3187 meridiei
580 3121 633 3187 vel
655 3124 757 3209 quasi,
780 3122 960 3188 indiccione
983 3126 1130 3208 septima,
1153 3123 1356 3208 pontificatus
1373 3126 1505 3188 sanctis·

313 3231 385 3294 simi
414 3231 448 3294 in
469 3228 597 3295 Christo
620 3230 720 3313 patris
742 3250 781 3292 ac
805 3227 926 3292 domini
949 3229 1048 3293 nostri
1071 3228 1191 3292 domini
1213 3226 1398 3293 Innocencii
1422 3250 1507 3314 pape

314 3336 419 3399 octavi
448 3355 533 3399 anno
564 3332 731 3398 eiusdem·
765 3332 968 3418 presentibus
998 3331 1119 3397 ibidem
1152 3331 1393 3398 venerabilibus
1430 3335 1508 3397 viris

314 3438 451 3504 dominis
475 3436 650 3504 Wilhelmo
673 3437 878 3521 Warttwein‚
908 3435 1037 3523 publico
1063 3437 1219 3522 imperiali
1242 3440 1432 3502 auctoritate
1455 3459 1508 3502 no-

313 3546 403 3627 tario,
427 3542 571 3609 Iohanne
594 3540 718 3624 sehtrl,
745 3540 885 3628 plebano
907 3543 941 3605 in
965 3539 1218 3627 Obrechtsperg‚
1242 3551 1274 3606 et
1289 3540 1508 3627 Wolfganngo

314 3647 425 3713 Laher
454 3646 496 3711 de
519 3646 618 3732 Spita,
650 3643 775 3710 clericis
797 3644 1042 3731 Herbipolensis
1072 3655 1106 3711 et
1126 3646 1328 3711 Pataviensis
1360 3644 1508 3730 diocesis,

313 3750 448 3817 testibus
469 3749 536 3814 fide
559 3749 664 3836 dignis
687 3748 730 3813 ad
753 3751 911 3835 premissa
932 3751 1054 3815 vocatis
1076 3751 1196 3835 pariter
1219 3760 1251 3814 et
1273 3751 1402 3834 rogatis.

418 3855 489 3941 Ego
518 3853 668 3938 Iacobus,
698 3857 879 3939 prepositus
910 3856 1094 3919 monasterii
1123 3853 1219 3920 beate
1248 3855 1382 3938 virginis
1403 3854 1509 3919 Mario

313 3963 346 4025 in
376 3958 555 4044 Neuburga
589 3957 760 4042 claustrali,
795 3958 838 4022 de
871 3980 1031 4023 consensu
1065 3968 1098 4022 et
1130 3957 1295 4024 voluntate
1329 3968 1510 4024 conventus

315 4066 498 4129 monasterii
521 4062 736 4129 Gotwicensis
757 4062 942 4148 supradicte
966 4061 1135 4127 eleccionis
1158 4064 1454 4148 compromissarios
1477 4073 1511 4129 ct

314 4177 474 4234 scrutator
503 4167 585 4254 elegi
616 4169 649 4232 in
679 4166 832 4233 abbatem
861 4167 978 4253 prefati
1009 4168 1193 4232 monasterii
1224 4166 1438 4233 Gotwicensis
1470 4190 1510 4233 ac

314 4275 387 4338 vice
419 4272 615 4359 collegarum
645 4293 790 4338 meorum
819 4280 852 4336 et
880 4294 953 4336 mea
982 4273 1149 4357 tociusque
1172 4279 1350 4337 conventus
1371 4272 1511 4358 predicti

315 4376 454 4442 electum
482 4378 707 4464 pronuncciari
728 4376 792 4440 feci
814 4375 1035 4441 venerabilem
1057 4385 1089 4440 et
1110 4375 1294 4461 religiosum
1317 4378 1422 4442 virum
1445 4377 1509 4442 fra·

315 4490 397 4546 trem
434 4480 591 4546 Mathiam
634 4480 675 4545 de
714 4479 872 4545 Ohrembs
910 4479 1055 4546 eiusdem
1093 4482 1277 4546 monasterii
1314 4492 1509 4548 conventua-

317 4705 404 4760 2028.
423 4719 436 4743 ⁸
454 4709 639 4775 Ansgelassen.
