3388 5302
313 406 378 472 164

312 599 466 664 teviensis
488 595 635 683 predicte
658 595 860 680 cancellario,
884 598 1058 682 magistris:
1087 596 1242 660 Heinrico
1266 595 1307 660 de
1328 592 1506 679 Wending‚

313 706 435 769 vicario
466 701 564 787 chori,
600 702 773 767 Leonardo
803 700 974 785 Sattlbder,
1009 711 1120 766 sancte
1154 699 1328 784 Elisabete,
1361 700 1506 786 Caspare

313 807 527 894 Kirohpeokh
550 806 762 890 dominorum,
786 814 818 871 et
833 806 967 871 Andree
983 805 1124 890 Windel,
1148 808 1252 870 sancti
1275 805 1357 871 Sixti
1381 804 1506 891 cappel-

313 912 419 978 larum
447 913 481 976 in
511 911 635 976 ambitu
664 910 830 997 sepedicte
861 911 996 976 ecclesie
1019 911 1222 975 Pataviensis
1245 912 1379 976 sitarum
1402 909 1507 996 capel·

313 1016 406 1101 lanis,
437 1014 638 1103 presbyteris
668 1025 701 1081 et
730 1016 855 1082 clericis
885 1016 1087 1082 Pataviensis
1118 1015 1264 1099 diocesis,
1295 1014 1430 1081 testibus
1465 1014 1507 1079 ad

315 1124 474 1209 premissa
496 1123 629 1206 vocatis,
652 1123 772 1205 rogatis
795 1128 828 1186 et
850 1119 1032 1207 specialiter
1054 1122 1223 1206 requisitis.

418 1227 462 1292 Et
484 1249 544 1312 ego
568 1224 739 1292 Corradus
754 1226 857 1308 Rern,
882 1225 1018 1290 clericus
1033 1226 1244 1309 Pataviensis‚
1267 1224 1415 1311 publicus
1435 1245 1509 1310 apo·

316 1332 428 1397 stolica
458 1340 490 1396 et
520 1329 679 1416 imperiali
708 1329 951 1395 auctoritatibus
982 1333 1133 1414 notarius,
1165 1332 1241 1416 quia
1263 1329 1349 1395 dicte
1371 1329 1510 1416 appella-

317 1438 415 1502 cionis
426 1437 664 1521 interposicioni
676 1435 890 1521 apostolorum
900 1437 1051 1522 peticioni
1063 1444 1095 1500 et
1109 1436 1335 1521 protestacioni
1350 1434 1510 1499 omnibus·

317 1564 380 1628 que
403 1540 472 1605 aliis
495 1548 528 1604 et
550 1538 693 1625 singulis,
718 1538 795 1605 dum
817 1542 863 1604 sic
886 1548 922 1603 ut
940 1541 1133 1626 premittitur
1147 1540 1264 1604 fierent
1278 1548 1310 1604 et
1325 1549 1510 1625 agerentur,

317 1667 457 1710 unacum
479 1647 603 1709 notario
625 1642 755 1730 publico
779 1654 812 1709 et
833 1643 969 1709 testibus
992 1666 1090 1729 supra
1105 1653 1137 1709 et
1152 1644 1361 1731 infrascriptis
1376 1666 1511 1731 presens

318 1749 459 1833 interfui,
490 1771 595 1835 eaque
626 1752 733 1815 omnis
757 1759 789 1814 et
811 1749 937 1835 singula
959 1752 1005 1814 sic
1027 1750 1097 1815 fieri
1120 1748 1189 1813 vidi
1212 1758 1244 1813 et
1265 1748 1385 1815 audivi.
1431 1748 1511 1814 Ideo

319 1855 381 1920 hoc
411 1876 544 1941 presens
571 1854 738 1941 publicum
760 1857 1008 1920 instrumentum
1032 1877 1091 1940 per
1112 1855 1211 1919 alium
1233 1877 1285 1918 me
1308 1854 1377 1919 aliis
1399 1875 1512 1940 prepe-

320 1961 386 2026 dito
414 1961 558 2045 negociis
581 1959 721 2024 fideliter
743 1962 896 2045 scriptum
919 1958 1039 2025 exinde
1063 1960 1187 2025 confeci
1210 1959 1386 2046 subscripsi
1407 1959 1511 2046 publi-

321 2067 393 2130 cavi
423 2073 455 2129 et
484 2066 518 2128 in
547 2064 632 2129 hanc
661 2063 825 2151 publicam
856 2064 992 2130 formam
1014 2064 1127 2150 redegi
1150 2066 1306 2150 signoque
1329 2073 1362 2129 et
1384 2066 1512 2129 nominc

320 2172 400 2234 meis
422 2169 521 2233 solitis
543 2178 576 2234 et
598 2172 758 2234 consuetis
782 2171 907 2255 signavi
930 2172 963 2233 in
979 2168 1078 2234 fidem
1094 2178 1127 2233 et
1139 2171 1356 2234 testimonium
1371 2171 1514 2234 omnium

320 2282 354 2338 et
375 2272 572 2359 singulorum
595 2276 824 2360 premissorum
845 2282 977 2360 rogatus
999 2276 1124 2359 pariter
1146 2283 1178 2338 et
1199 2276 1381 2360 requisitus.

425 2376 468 2442 Et
489 2398 551 2463 ego
573 2378 729 2443 Erasmus
744 2374 896 2463 Wderer,
920 2378 1057 2443 clericus
1077 2377 1342 2464 salczburgensis
1366 2378 1513 2461 diocesis,

321 2480 471 2567 publicus
502 2504 596 2547 sacra
625 2482 784 2569 imperiali
815 2482 1004 2547 auctoritate
1034 2484 1177 2547 notarius
1200 2504 1241 2546 ac
1264 2481 1441 2547 decanatus
1464 2504 1514 2546 ec-

323 2583 419 2649 clesie
441 2586 644 2650 Pataviensis
666 2585 775 2651 scriba
796 2587 929 2669 iuratus,
954 2588 1029 2671 quia
1052 2588 1269 2672 suprainserte
1285 2585 1514 2672 appellacionis

321 2691 559 2775 interposicioni
581 2689 711 2754 lectioni
730 2690 945 2776 apostolorum
961 2692 1110 2775 peticioni
1127 2699 1160 2754 et
1174 2692 1402 2777 protestacioni
1418 2692 1515 2755 omni·

321 2792 448 2878 busque
471 2793 541 2858 aliis
564 2804 596 2859 et
618 2794 751 2879 singulis
773 2796 946 2880 premissis,
971 2794 1048 2859 dum
1071 2797 1154 2860 sicut
1175 2797 1370 2881 premittitur
1385 2797 1468 2860 sicut
1483 2804 1516 2859 et

323 2907 506 2983 agerentur,
535 2921 677 2963 unacum
707 2898 885 2964 honorabili
914 2902 984 2965 viro
1016 2900 1144 2965 domino
1175 2902 1360 2966 connotario
1389 2922 1462 2965 meo
1485 2908 1517 2964 et

323 3002 459 3069 testibus
489 3006 758 3090 supranominatis
788 3026 923 3091 presens
952 3005 1083 3070 interfui
1105 3027 1208 3091 eaque
1231 3006 1278 3069 sic
1300 3005 1371 3070 fieri
1393 3004 1461 3069 vidi
1484 3013 1517 3068 et

324 3107 443 3174 audivi.
472 3107 551 3173 Ideo
573 3109 635 3173 hoc
657 3131 793 3196 presens
816 3108 980 3195 publicum
1003 3111 1249 3176 instrumentum
1271 3132 1331 3196 per
1352 3109 1450 3175 alium
1465 3130 1517 3174 me

323 3222 402 3278 tunc
431 3212 502 3277 aliis
529 3212 683 3298 legittime
705 3213 873 3299 prepedito
896 3216 1038 3298 negociis
1060 3214 1198 3279 fideliter
1220 3216 1375 3300 scriptum
1398 3211 1517 3278 exinde

325 3317 451 3382 confeci
473 3317 651 3402 subscripsi
672 3317 837 3403 publicavi
860 3320 947 3383 etin
970 3317 1055 3383 hanc
1077 3318 1240 3404 publicam
1254 3318 1391 3383 formam
1405 3317 1518 3401 redegi

325 3423 482 3508 signoque
513 3432 545 3486 et
574 3424 702 3487 nomine
732 3424 812 3487 meis
843 3422 941 3487 solitis
972 3431 1004 3487 et
1031 3424 1191 3487 consuetis
1214 3424 1341 3508 signavi
1363 3425 1396 3487 in
1419 3421 1517 3487 fidem

326 3534 359 3590 et
388 3528 607 3591 testimonium
634 3528 777 3592 omnium
805 3535 838 3591 et
860 3526 1058 3613 singulorum
1080 3530 1311 3613 premissorum
1333 3536 1464 3613 rogatus
1488 3535 1520 3590 et

326 3633 507 3716 requisitus.

372 3859 470 3926 1948.
1000 3866 1083 3924 1480
1098 3866 1273 3940 September
1288 3868 1339 3934 2⁰,
1355 3868 1476 3926 Passau.

433 4050 550 4135 Propst
563 4050 718 4131 Wlbelna
742 4050 888 4117 Dechoot
902 4051 1052 4117 Vacerra
1073 4052 1142 4117 rard
1163 4053 1222 4118 das
1241 4052 1440 4137 Domcopitel
1460 4075 1521 4119 voa

329 4155 456 4221 Passus
479 4155 748 4239 beaocbrtclrtipca
762 4156 828 4221 Abt
850 4155 974 4221 Lorcaa
994 4176 1056 4222 ooo
1078 4155 1241 4241 Gettweig,
1264 4158 1340 4224 dass
1362 4159 1418 4224 der
1440 4157 1520 4226 oar-

330 4260 554 4342 diaalprtester
575 4259 677 4344 Georp
699 4259 828 4341 uester,
860 4259 978 4326 obwobl
1006 4262 1052 4327 sie
1080 4261 1163 4327 acob
1189 4263 1258 4327 dem
1279 4263 1362 4329 Tude
1383 4264 1437 4330 des
1459 4263 1521 4330 Bt-

330 4364 449 4446 scbofes
476 4364 589 4431 Ulricb
618 4366 685 4447 auf
706 4363 823 4430 Graad
852 4364 907 4429 des
934 4365 998 4431 Jas
1020 4385 1189 4447 mmmaae,
1220 4366 1277 4431 der
1298 4365 1522 4450 Gompootutm

331 4470 388 4534 der
416 4469 581 4535 deutschen
609 4469 734 4534 Notion
762 4469 832 4534 aad
859 4469 913 4535 des
943 4467 1276 4536 Gcwobalaeitsrecbtes
1305 4472 1396 4538 cinca
1421 4493 1523 4538 osaea

332 4574 471 4657 Biscbof
492 4574 626 4657 yewotlt
656 4574 725 4638 aad
754 4574 805 4639 dic
827 4572 922 4639 Wobl
944 4575 1000 4639 dor
1021 4575 1194 4640 remiscbea
1217 4576 1313 4642 (loric
1335 4576 1436 4642 darcb
1456 4577 1523 4642 Ab·

330 4680 481 4761 pesoodte
510 4680 672 4762 aapeaeipt
701 4678 812 4760 buben,
842 4680 911 4744 eine
933 4679 1082 4745 Urtuade
1110 4681 1234 4762 betreffs
1255 4681 1312 4746 der
1334 4681 1524 4765 Verletbaap
