3406 5300
328 387 392 450 322

372 580 473 647 2158.
1157 587 1237 645 14⁹7
1254 588 1315 645 lull
1328 588 1379 653 22,
1396 587 1476 644 Rom.

330 763 461 827 Berlclrt
488 764 541 828 des
564 762 753 847 Gdttweiper
774 764 918 848 Apentea
940 785 985 829 aa
1006 765 1062 828 der
1084 764 1257 830 rdmiscdea
1281 764 1376 831 Gurie
1396 765 1523 847 Rupert

330 867 439 950 Spicpl
469 889 513 931 oo
535 867 600 933 Aer
626 867 774 934 Mattius
794 867 822 933 I.
845 889 907 932 vore
928 866 1083 951 Gdttwcip
1114 869 1188 933 ilber
1217 870 1268 934 dic
1289 869 1439 952 Aralruust
1467 870 1523 936 des

600 970 789 1055 Gdttwcr'per
811 972 925 1039 Priore
947 972 1079 1037 Jobouo
1101 993 1142 1037 aa
1164 973 1255 1038 Rom.

434 1156 515 1222 Orlg.‚
539 1157 604 1222 Pap.
640 1156 730 1223 Siegel
753 1158 802 1207 auf
823 1157 872 1207 der
892 1158 1036 1208 Ruckseite
1059 1164 1138 1208 anter
1162 1156 1343 1223 Papierdeclre
1366 1159 1394 1208 in
1419 1158 1522 1208 rothem

330 1243 445 1295 Wachse
457 1259 518 1294 zum
532 1244 706 1295 Verschlnsse
718 1245 906 1311 aufgcdrtlclst3
926 1244 1009 1311 Copia
1021 1248 1049 1295 in
1062 1245 1125 1295 eod.
1136 1246 1186 1295 894
1199 1246 1286 1311 (rothe
1299 1261 1346 1307 nn,
1364 1245 1522 1310 unfoliiert).

435 1416 630 1483 Reverende
653 1428 754 1503 pater,
785 1418 1008 1484 colendissime
1032 1417 1175 1484 domine!
1199 1429 1260 1484 etc.
1300 1420 1398 1484 Venit
1420 1419 1523 1506 pridie

331 1529 363 1589 in
379 1522 505 1590 Urbem
528 1522 728 1588 reverendus
751 1534 853 1609 pater,
877 1523 1023 1588 dominus
1047 1522 1218 1607 Iohannes,
1241 1534 1348 1589 vestre
1371 1547 1396 1589 r.
1413 1545 1442 1609 p.
1460 1545 1523 1589 mo·

331 1630 463 1693 nasterii
487 1627 713 1693 Gottwieensis
744 1629 842 1714 prior,
871 1627 1017 1693 omnibus
1041 1628 1138 1694 rebus
1161 1651 1262 1715 prope
1285 1628 1390 1694 lacum
1413 1627 1524 1694 Bulse·

331 1756 446 1800 narum
469 1732 621 1819 spoliatus
644 1731 761 1797 relictis
784 1731 1005 1797 tantummodo
1027 1734 1125 1798 literis
1148 1734 1286 1798 missivis
1308 1742 1405 1819 atquc
1429 1732 1525 1798 doou·

331 1840 447 1904 mentis
479 1848 512 1903 et
543 1836 723 1923 hospicium
753 1836 906 1901 Iohannis
937 1836 1067 1902 Diaboli
1097 1837 1140 1903 ad
1171 1837 1306 1923 Signum
1336 1837 1524 1924 Campanae

333 1944 408 2009 olim
439 1963 567 2029 quoque
599 1963 657 2028 per
687 1963 719 2027 p.
744 1964 773 2007 v.
798 1964 823 2005 r.
847 1940 1059 2007 inhabitatum
1088 1965 1162 2007 cum
1185 1941 1325 2029 quodam
1348 1945 1420 2008 cive
1442 1943 1525 2009 Pan·

332 2050 439 2113 eracio
463 2069 505 2110 ex
528 2044 631 2110 Hallis
653 2045 745 2110 vallis
768 2046 829 2110 Eni
851 2047 1009 2132 romipeta
1028 2049 1117 2111 —is
1145 2046 1285 2113 eandem
1307 2046 1349 2113 ob
1372 2048 1440 2112 eius
1463 2049 1525 2112 sin·

333 2152 479 2238 gularem
502 2152 653 2216 virtutem
676 2151 742 2214 suis
764 2152 917 2236 impensis
939 2152 973 2215 in
987 2149 1112 2216 Urbem
1135 2174 1155 2215 a
1173 2151 1242 2216 loco
1259 2153 1419 2217 commissi
1434 2151 1526 2238 spolii

334 2256 427 2320 duxit
451 2293 495 2303 —
519 2256 660 2320 intravit.
707 2254 822 2319 Dictus
845 2254 1043 2319 Pancracius
1070 2254 1222 2320 velociori
1248 2255 1366 2322 insedit
1388 2278 1470 2343 equo
1493 2266 1527 2322 et

332 2363 379 2425 sic
401 2361 600 2425 inimicorum
623 2381 737 2424 manus
760 2360 874 2423 evasit.
902 2359 940 2423 In
963 2362 1032 2444 ipso
1055 2358 1189 2446 hospitio
1211 2361 1355 2446 prefatus
1378 2360 1526 2426 dominus

332 2468 469 2532 Ioannes
500 2463 584 2529 illico
615 2485 672 2550 pro
703 2466 810 2550 priore
832 2473 940 2528 vestre
964 2486 989 2529 r.
1013 2486 1045 2550 p.
1069 2466 1253 2529 monasterii
1276 2475 1307 2530 et
1329 2467 1362 2529 in
1384 2467 1527 2551 negociis

333 2573 470 2659 propriis
500 2571 616 2634 missus
646 2567 883 2655 agnoscebatur
913 2571 1067 2656 precipue
1097 2591 1155 2655 per
1187 2570 1308 2635 emulos
1338 2580 1371 2635 et
1400 2571 1527 2657 negocii

334 2677 432 2741 nostri
461 2673 680 2760 impeditores‚
709 2673 750 2738 de
774 2695 837 2759 quo
859 2695 925 2738 non
948 2695 1063 2759 parum
1086 2672 1181 2739 dolui.
1226 2675 1344 2740 Postea
1365 2676 1470 2760 ipsum
1492 2676 1526 2739 in

334 2780 412 2844 edes
435 2800 524 2843 meas
546 2780 655 2863 recepi
678 2788 710 2843 et
732 2777 911 2863 sumptibus
935 2780 1058 2843 enutrio
1081 2780 1218 2864 propriis
1241 2789 1274 2844 et
1295 2781 1437 2865 acceptis
1454 2801 1527 2845 con·

334 2881 576 2949 versaoionibus
606 2884 672 2948 suis
702 2881 876 2968 plurimum
907 2881 1093 2947 demirabar
1116 2881 1276 2948 hominem
1299 2883 1396 2949 talem
1417 2883 1528 2967 lingue

335 2987 461 3055 Ytalice
491 2989 640 3072 ignarum
670 3011 709 3052 ac
739 2990 881 3052 omnium
910 2986 1128 3072 gerendarum
1158 2987 1270 3053 saltem
1303 2988 1527 3075 temporalium

335 3102 503 3179 expertem
533 3094 565 3157 in
589 3091 712 3158 Urbem
744 3114 817 3156 curn
848 3100 937 3156 tanta
967 3093 1178 3177 pecuniarum
1196 3114 1334 3183 ‘summa
1363 3093 1452 3176 mitti,
1483 3114 1528 3158 ex

335 3220 398 3284 quo
428 3195 561 3283 singulis
591 3205 698 3262 vestre
729 3219 754 3260 r.
779 3219 811 3282 p.
834 3197 933 3261 literis
964 3196 1108 3261 hortatus
1138 3196 1254 3261 fuerim
1284 3199 1438 3283 pecunias
1468 3219 1530 3284 per

335 3302 497 3367 banceum
518 3302 610 3366 mitti.
639 3300 705 3366 Sed
728 3300 788 3365 heo
811 3303 908 3365 missa
930 3300 1024 3366 facio.
1049 3301 1175 3367 Mittam
1198 3300 1378 3387 predictum
1394 3301 1527 3368 fratrem

335 3405 513 3471 Iohannem
536 3403 578 3470 ad
600 3403 777 3470 Sublacum
800 3415 832 3470 et
854 3404 1064 3470 hereditarias
1089 3407 1191 3470 saneti
1213 3405 1382 3471 Benedicti
1405 3428 1528 3492 posses-

337 3513 441 3576 siones
464 3509 510 3575 ibi
525 3510 707 3596 religiosam
722 3511 821 3574 vitam
838 3509 977 3575 ducendi
995 3520 1026 3575 et
1040 3509 1218 3575 imbibendi
1232 3510 1405 3598 literasque
1421 3523 1529 3577 vestre

336 3638 361 3682 r.
377 3637 409 3701 p,
431 3617 545 3680 nostris
568 3615 772 3701 responsivas
796 3613 1000 3700 expectandi.
1037 3614 1181 3681 Celerius
1197 3625 1232 3679 ut
1247 3613 1429 3680 huiusmodi
1445 3618 1528 3681 acei-

337 3741 486 3806 peremus
509 3718 628 3803 literas,
657 3717 826 3784 habuimus
848 3729 996 3803 rogatum
1019 3719 1179 3805 prefatum
1202 3717 1366 3784 dominum
1388 3718 1528 3786 Pancra-

338 3824 423 3889 cium
453 3826 568 3907 civem,
598 3833 634 3888 ut
662 3822 771 3888 literas
802 3832 927 3888 nostras
958 3822 1022 3887 fido
1046 3826 1183 3889 nuneeio
1206 3833 1262 3888 aut
1284 3846 1342 3910 per
1365 3846 1399 3888 se
1422 3826 1528 3910 ipsum

336 3938 444 3994 vestre
467 3951 491 3993 r.
509 3951 540 4014 p.
563 3937 672 3993 tamen
695 3927 862 4013 stipendiis
884 3937 1085 4014 presentaret
1108 3950 1165 3992 seu
1181 3927 1352 3993 ordinaret.
1377 3927 1409 3992 Is
1425 3930 1528 3994 eciam

337 4032 484 4098 mittendi
506 4034 661 4119 pecunias
684 4034 715 4097 in
739 4031 865 4098 Urbem
887 4031 1019 4097 modum
1041 4031 1156 4097 tradet.
1185 4032 1314 4099 Suadeo
1336 4035 1460 4098 recurri
1483 4033 1529 4099 ad

337 4137 480 4203 remedia
502 4136 721 4202 ecclesiastica
745 4147 777 4203 et
799 4139 983 4203 successive
1007 4136 1169 4204 declinare
1194 4160 1214 4201 a
1236 4137 1305 4203 foro
1322 4146 1425 4225 cepto,
1449 4148 1529 4224 puta

337 4241 483 4307 seculari.
513 4240 600 4308 Solet
622 4243 771 4327 potencia
793 4241 945 4307 secularis
961 4241 1004 4306 ad
1019 4253 1146 4328 tempus
1161 4241 1326 4329 prodesse,
1348 4245 1382 4307 in
1396 4242 1529 4329 longum

337 4347 423 4412 facta
452 4368 515 4410 non
545 4347 697 4411 iustificat
727 4358 758 4410 et
788 4345 874 4411 felici
904 4347 1009 4411 omine
1041 4346 1227 4430 adhaerent,
1259 4369 1323 4434 quo
1354 4346 1528 4413 recedente

338 4473 450 4516 omnes
479 4450 657 4535 aufugiunt,
689 4450 775 4537 quod
806 4449 985 4537 prudencia
1008 4461 1041 4516 et
1063 4453 1225 4538 sapiencia
1247 4452 1460 4538 spiritualium
1484 4455 1528 4518 ni·

337 4558 413 4621 titur
436 4554 598 4642 depellere
621 4566 654 4620 et
676 4557 783 4621 statim
806 4576 1010 4620 conservare.
1057 4554 1163 4621 Credo
1187 4578 1238 4620 me
1262 4560 1345 4643 capi.
1378 4557 1528 4624 Prefatus

339 4662 418 4725 civis
439 4662 471 4725 in
494 4660 706 4747 expedicione
728 4661 935 4747 negociorum
958 4669 1064 4727 vestre
1088 4682 1118 4745 p.
1135 4684 1160 4726 r.
1184 4682 1356 4747 personam
1378 4660 1528 4750 bonaque
