3406 5300
315 373 379 438 344

316 563 385 629 aliis
419 563 645 630 ecclesiasticis
672 565 844 629 sentenciis
868 566 1011 629 censuris
1039 574 1071 628 ct
1093 565 1185 650 penis
1199 564 1240 629 'in
1264 585 1318 628 eos
1342 572 1508 628 eteorum

317 668 493 756 quemlibet
513 670 609 735 etiam
625 668 703 735 alias
719 671 946 756 premissorum
963 670 1130 734 occasione
1147 668 1385 755 quomodolibet
1398 668 1508 733 forsan

316 773 526 861 promulgatis
556 773 600 840 ad
630 773 790 839 cautelam
820 772 943 839 absolvi
974 772 1130 838 mandare
1153 795 1279 839 necnon
1301 772 1453 838 nullitatis
1477 782 1510 838 et

315 877 556 944 invalliditatis·
584 900 754 965 processus
784 887 817 943 et
845 880 1010 944 sentencia
1039 876 1221 943 huiusmodi
1250 879 1416 964 ipsiusque
1439 899 1508 941 sen·

316 985 421 1048 tencie
451 982 683 1070 publicacionis
706 1005 746 1049 ac
769 981 855 1048 dicte
878 984 1078 1048 mutiacionis
1100 989 1134 1047 et
1155 981 1290 1047 aliorum
1313 984 1455 1047 omnium
1477 990 1510 1047 et

317 1087 515 1174 singulorum
538 1110 597 1174 per
619 1087 842 1155 Oristofferum
865 1097 898 1152 et
920 1086 1149 1153 Bernhardum
1173 1089 1339 1174 episcopos
1362 1108 1401 1151 ac
1417 1107 1510 1173 quos·

318 1214 456 1278 cumque
487 1191 567 1257 alios
597 1191 721 1257 iudices
753 1201 785 1256 et
814 1213 968 1276 personas
998 1193 1031 1255 in
1055 1191 1199 1256 eiusdem
1222 1190 1349 1256 abbatis
1371 1190 1511 1277 preindi-

319 1299 405 1364 cium
427 1299 514 1362 circa
537 1299 694 1384 premissa
716 1304 879 1383 gestorum
902 1299 1069 1383 tociusque
1092 1295 1276 1382 principalis
1296 1298 1422 1382 negocii
1437 1317 1510 1361 nec-

318 1424 383 1467 non
413 1422 524 1468 omnes
554 1411 587 1466 et
615 1401 767 1487 singulos,
799 1422 880 1487 quos
903 1400 1007 1466 dictus
1030 1400 1133 1465 abbas
1157 1411 1269 1466 contra
1292 1398 1424 1465 eosdem
1446 1401 1510 1486 epi-

319 1526 432 1592 scopos
463 1516 496 1572 et
523 1526 745 1592 quoscumque
772 1504 850 1570 alios
873 1506 919 1570 cis
941 1507 975 1570 in
997 1503 1060 1570 hac
1083 1515 1175 1591 parte
1197 1503 1391 1569 adherentes
1413 1525 1512 1590 super

321 1611 446 1677 damnis
476 1621 508 1675 et
536 1612 668 1676 iacturis
698 1608 759 1675 sibi
789 1632 886 1697 super
915 1609 976 1676 hoc
1005 1609 1099 1674 illatis
1127 1619 1159 1675 et
1180 1608 1259 1675 alias
1282 1611 1512 1695 premissorum

320 1717 488 1781 occasione
519 1717 715 1782 coniunctim
745 1714 798 1780 vel
829 1714 957 1780 divisim
986 1737 1117 1780 monere
1146 1714 1291 1799 intendit,
1321 1736 1435 1779 causas
1458 1713 1512 1778 ali·

321 1820 438 1906 quibus
466 1820 576 1906 probis
603 1821 682 1885 viris
703 1822 735 1884 in
758 1819 904 1906 partibus
927 1818 987 1885 illis
1011 1821 1208 1885 committere
1232 1828 1264 1884 et
1285 1819 1364 1885 alias
1386 1821 1419 1884 in
1441 1839 1512 1905 pre

320 1926 424 1990 missis
448 1935 604 2011 oportune
626 1923 798 2010 providere
821 1923 863 1989 de
885 1923 1086 2011 benignitate
1102 1924 1278 2011 apostolica
1294 1923 1512 2010 dignaremur.

320 2029 388 2094 Nos
417 2030 514 2115 igitur
536 2028 718 2095 huiusmodi
741 2028 1010 2115 suplicacionibus
1034 2028 1176 2094 inclinati
1199 2027 1382 2094 discretioni
1406 2037 1513 2093 vestre

322 2157 382 2221 per
414 2132 590 2221 apostolica
623 2135 744 2220 scripta
773 2133 973 2211 mandamus,
1005 2142 1163 2221 quatenus
1193 2155 1251 2198 vos
1281 2133 1334 2199 vel
1364 2133 1428 2198 duo
1458 2142 1515 2198 aut

321 2261 405 2304 unus
439 2249 583 2304 vestrum
613 2241 735 2304 vocatis
768 2241 925 2325 episcopis
955 2238 1109 2325 predictis
1139 2247 1172 2303 et
1201 2237 1280 2322 aliis,
1311 2240 1366 2324 qui
1395 2238 1516 2304 fixerint

323 2342 491 2429 evocandi,
519 2342 629 2409 abbati
652 2346 821 2431 capitaneo
843 2346 1008 2429 ipsiusque
1032 2345 1191 2430 capitanei
1212 2342 1421 2408 familiaribus
1443 2364 1514 2429 pre-

322 2449 396 2514 fatis
419 2458 584 2515 eteorum
608 2448 751 2535 singulis,
776 2451 803 2514 si
825 2448 858 2513 id
881 2448 1043 2515 humiliter
1064 2451 1229 2535 pecierint,
1253 2458 1386 2535 recepta
1405 2457 1514 2513 tamen

322 2556 411 2640 prius
441 2553 483 2620 ab
515 2555 561 2619 eis
592 2556 746 2619 caucione
773 2553 889 2619 idonea
911 2576 1009 2641 super
1031 2575 1079 2637 eo,
1103 2575 1167 2640 quo
1190 2555 1460 2619 excommunicati
1483 2563 1515 2617 et

324 2656 393 2723 aliis
415 2660 589 2725 sentenciis
605 2659 750 2724 censuris
767 2667 800 2724 et
813 2661 905 2743 penis
921 2657 1075 2745 predictis
1090 2659 1204 2723 irretiti
1217 2657 1327 2723 forsan
1343 2657 1513 2741 habentur,

324 2762 410 2848 quod
437 2765 464 2827 si
491 2761 583 2827 vobis
607 2764 784 2828 constiterit
806 2764 1152 2829 excommunicacionis
1176 2771 1208 2827 et
1230 2762 1309 2828 alias
1331 2765 1514 2828 sentencias

324 2888 479 2931 censuras
507 2875 540 2932 et
560 2889 662 2954 penas
685 2866 848 2953 predictas
871 2869 903 2932 in
926 2890 981 2933 eos
1003 2867 1102 2932 fuisse
1124 2869 1207 2932 iuste
1230 2866 1321 2951 latas,
1345 2870 1517 2932 nostriset

324 2969 461 3037 ecclesie
488 2971 649 3038 mandatis
671 2971 842 3060 parebunt,
865 2971 908 3037 ab
930 2973 1276 3037 excommunicacionis
1300 2981 1332 3037 et
1354 2971 1422 3037 aliis
1445 2994 1515 3037 sen-

323 3077 438 3142 tenciis
468 3080 613 3142 censuris
640 3086 672 3142 et
698 3079 790 3164 penis
811 3076 994 3142 huiusmodi
1017 3075 1232 3142 absolucionis
1255 3076 1449 3142 beneficium
1472 3075 1515 3141 ad

324 3180 493 3266 cautelam,
524 3183 550 3245 si
580 3190 613 3246 et
639 3190 733 3267 prout
761 3184 882 3247 iustum
910 3181 1008 3247 fuerit
1036 3183 1225 3247 auctoritate
1248 3191 1357 3246 nostra
1380 3204 1420 3247 ac
1443 3183 1515 3247 vice

326 3285 497 3351 dumtaxat
524 3284 719 3372 impendatis
749 3309 847 3372 super
877 3285 946 3352 aliis
975 3309 1054 3352 vero
1084 3285 1202 3352 auditis
1227 3286 1379 3353 hincinde
1402 3308 1515 3375 propo

324 3392 391 3455 sitis
407 3391 510 3454 eciam
528 3389 568 3453 de
583 3393 717 3477 negocio
732 3389 899 3477 principali
915 3389 1096 3457 huiusmodi
1117 3400 1346 3477 cognoscentes
1362 3390 1516 3477 legittime

324 3493 410 3581 quod
444 3495 563 3559 iustum
595 3494 693 3560 fuerit
725 3494 946 3581 appellacione
980 3506 1104 3562 remota
1137 3495 1319 3562 decernatis
1348 3494 1515 3581 facientes,

325 3599 412 3686 quod
435 3599 643 3664 decreveritis
667 3599 709 3664 ab
733 3599 856 3665 eisdem
880 3602 1038 3688 episcopis
1058 3604 1247 3667 auctoritate
1263 3610 1372 3667 nostra
1387 3600 1429 3667 ab
1445 3601 1515 3667 aliis

325 3725 402 3769 vero
433 3725 492 3789 per
520 3726 691 3770 censuram
714 3704 964 3771 ecclesiasticam
988 3707 1122 3772 tirmiter
1145 3707 1320 3772 observari.
1366 3707 1439 3772 Non
1462 3707 1516 3774 ob·

325 3807 483 3873 stantibus
513 3807 614 3873 felicis
643 3807 881 3876 recordacionis
904 3810 1063 3876 Bonifacii
1091 3833 1176 3898 pape
1199 3814 1315 3895 octavi,
1345 3811 1516 3898 predeces-

325 3914 405 3978 soris
435 3914 545 3997 nostri,
576 3936 641 4000 qua
670 3915 755 3979 inter
784 3915 847 3980 alia
878 3925 1021 4000 cavetur,
1050 3939 1091 3981 ne
1115 3918 1186 4003 quis
1210 3925 1304 3981 extra
1326 3938 1417 3981 suam
1440 3918 1516 3983 civi·

324 4025 425 4082 tatem
452 4026 485 4081 et
507 4017 660 4082 diocesim
683 4020 744 4083 nisi
766 4019 897 4084 incertis
920 4022 1066 4106 exceptis
1089 4019 1218 4086 casibus
1241 4022 1326 4085 etin
1348 4019 1410 4086 illis
1432 4021 1517 4087 ultra

325 4144 422 4187 unam
452 4121 571 4187 dietam
603 4124 709 4188 afine
732 4146 790 4188 sue
813 4123 951 4189 diocesis
974 4124 1016 4190 ad
1040 4124 1195 4191 iudicium
1217 4133 1370 4191 evocetur
1392 4146 1451 4191 seu
1474 4148 1516 4191 ne

324 4223 448 4290 iudices
478 4249 498 4290 a
528 4226 606 4293 sede
629 4227 804 4313 apostolica
827 4226 971 4315 deputati
994 4239 1088 4295 extra
1111 4232 1274 4296 civitatem
1297 4240 1329 4296 et
1351 4228 1516 4316 diocesim,

324 4332 358 4395 in
387 4329 504 4416 quibus
535 4330 679 4420 deputati
709 4334 837 4417 fuerint,
869 4344 981 4400 contra
1011 4356 1230 4421 quoscumque
1260 4335 1439 4421 procedere
1462 4346 1519 4401 aut

324 4433 378 4499 alii
408 4434 461 4499 vel
491 4435 561 4502 aliis
583 4440 672 4504 vices
695 4461 770 4504 suas
793 4439 993 4504 committere
1015 4449 1212 4525 presumant,
1236 4437 1411 4505 dummodo
1433 4439 1518 4506 ultra

326 4538 407 4604 duas
431 4539 534 4605 dietas
557 4542 671 4630 aliquis
694 4545 884 4609 auctoritate
907 4546 1111 4630 presencium
1133 4566 1197 4609 non
1221 4543 1366 4610 trahatur
1389 4553 1422 4609 et
1447 4544 1517 4610 aliis

325 4644 505 4729 apostolicis
529 4647 810 4713 constitucionibus
834 4651 998 4713 contrariis
1021 4648 1277 4736 quibuscumque
1299 4658 1356 4715 aut
1378 4651 1404 4713 si
1424 4648 1518 4715 dictis
