3406 5300
1310 428 1372 492 331

181 621 370 684 auctoritate
393 618 568 705 apostolica
591 627 622 683 et
644 618 755 703 regali,
784 620 874 684 cuius
897 621 1020 684 iuratus
1043 628 1093 684 est
1116 619 1315 685 consiliarius
1343 630 1374 684 et

180 734 287 789 orator
316 747 381 788 una
412 746 485 788 cum
516 722 644 788 domino
671 723 857 788 Philiberto.
905 724 938 790 Si
969 733 1077 790 autem
1107 735 1218 789 vestro
1249 746 1281 811 p.
1309 746 1373 789 non

180 828 277 893 vellet
308 829 355 894 his
385 828 540 893 adhibere
570 828 701 914 aliquod
731 827 876 912 dubium,
906 838 1012 915 potest
1042 832 1241 913 interrogare
1276 831 1375 913 magi·

181 943 283 998 strum
305 933 481 999 Iohannem
503 934 641 1018 Burger‚
666 935 720 1019 qui
743 932 795 998 bic
818 932 878 998 fuit
900 956 957 1019 pro
981 935 1229 999 confirmacione
1254 934 1374 1000 domini

181 1036 386 1121 Mellicensis,
411 1061 507 1124 quem
524 1037 604 1102 deus
619 1039 651 1101 in
668 1060 763 1103 evum
779 1037 891 1122 salvet,
915 1041 968 1124 qui
985 1061 1139 1123 praesens
1155 1039 1222 1120 fuit,
1245 1039 1375 1124 quando

182 1143 329 1208 dominus
359 1142 635 1227 Lucclburgensis
666 1165 718 1207 me
749 1140 906 1208 allocutus
937 1153 985 1208 cst
1016 1153 1147 1230 propter
1178 1154 1320 1209 vestram
1343 1165 1373 1228 p.

181 1247 300 1313 Cetera
329 1249 393 1312 iam
425 1246 513 1312 dictu
544 1247 643 1333 digna
673 1270 736 1312 non
767 1246 882 1330 babeo,
915 1270 978 1334 que
1002 1258 1108 1312 vestre
1131 1270 1162 1334 p.
1188 1247 1374 1330 scriberem,

181 1354 243 1416 nisi
272 1361 309 1417 ut
338 1374 390 1416 me
417 1363 526 1417 vestre
549 1375 574 1416 r.
598 1375 629 1438 p.
653 1361 689 1417 ut
711 1351 863 1416 humilem
886 1352 986 1417 filium
1009 1351 1241 1435 commendem,
1266 1362 1301 1417 ut
1323 1376 1374 1417 me

181 1455 270 1543 apud
300 1455 488 1522 citissimum
519 1459 583 1522 suis
611 1466 643 1522 et
665 1479 796 1523 suorum
820 1456 1021 1522 oracionibus
1044 1456 1317 1540 recommendant,
1341 1467 1376 1521 ut

182 1560 314 1625 tandem
338 1584 436 1647 quam
458 1564 557 1626 cicius
581 1561 624 1627 ad
647 1585 735 1627 meos
758 1571 904 1628 revertar
927 1585 1001 1628 cum
1024 1562 1142 1647 salutm
1170 1585 1273 1628 amen.
1313 1563 1375 1628 Va·

181 1665 246 1731 leat
267 1668 375 1753 itaque
397 1690 422 1731 r.
440 1689 471 1753 p.
489 1691 519 1732 v.
544 1691 630 1732 nunc
653 1678 685 1732 et
707 1669 740 1731 in
764 1690 869 1732 evum.

287 1771 409 1835 Datum
432 1773 464 1835 in
487 1770 578 1837 Urbe
602 1773 704 1837 Roma
726 1794 810 1836 anno
834 1770 944 1837 salutis
964 1782 1025 1837 ete.
1044 1771 1137 1855 1498,
1161 1771 1213 1837 29.
1229 1774 1374 1837 ianuarii.

287 1876 403 1940 Frater
425 1875 562 1940 Ioannes
586 1875 626 1940 de
643 1876 792 1953 Wienna,
815 1875 943 1941 humilis
966 1877 1049 1941 filius
1073 1885 1180 1941 vestre
1203 1901 1228 1942 r.
1245 1899 1276 1963 p.

228 2153 330 2222 2172.
782 2163 863 2220 1198
881 2163 1009 2221 Februar
1022 2162 1051 2228 8,
1068 2163 1332 2235 iilosterueuburg.

288 2346 405 2428 Proper
420 2345 519 2411 Jacob
534 2368 575 2410 aa
590 2346 628 2409 K
629 2346 922 2431 irater-Ncwnbarp
936 2348 1065 2413 vericiht
1080 2350 1149 2414 dem
1164 2349 1253 2414 edico
1269 2349 1376 2413 Heia·

181 2451 251 2516 rich
265 2450 497 2535 Eyberratoicer
518 2452 609 2516 anea
624 2451 698 2534 Hof
714 2474 755 2516 rc
770 2453 871 2517 Ferit
892 2458 986 2517 crater
1001 2453 1070 2517 dem
1085 2452 1183 2536 Scipio
1197 2474 1270 2518 rum
1285 2453 1376 2520 Gott-

183 2577 258 2640 rrep‚
288 2556 417 2621 melcber
443 2576 503 2620 voa
524 2556 589 2621 Aoo
613 2556 758 2622 Matbios
780 2556 845 2642 [L]
866 2578 907 2621 ru
930 2555 1071 2643 Goitwep
1092 2579 1132 2622 aa
1155 2558 1261 2622 Lebea
1284 2559 1377 2623 riibrt

182 2661 251 2725 aad
280 2682 341 2726 ooo
370 2662 439 2725 dem
468 2661 684 2726 verstorbenea
714 2662 906 2743 Reiaprecbt
927 2662 1140 2745 Epeaburper,
1174 2664 1243 2727 dem
1274 2663 1377 2728 Sabae

183 2767 238 2833 des
252 2766 374 2833 Ritiers
389 2768 491 2832 Merit
506 2766 710 2850 Epeaburper
725 2769 793 2832 aad
808 2769 864 2833 der
878 2768 1004 2851 Repiaa
1019 2769 1253 2851 Maariaperia
1269 2768 1376 2835 dassen

183 2871 289 2955 Fron,
319 2872 375 2936 der
396 2872 671 2952 Professchwester
700 2874 745 2937 im
767 2873 1014 2939 Fracealrloater
1042 2894 1083 2937 re
1106 2872 1376 2939 Klaster-Newa·

96 2978 104 3001 ⁸
183 2976 262 3058 bury
290 2975 445 3040 Barbara
475 2977 718 3060 Mnesiinperia,
749 2978 804 3042 der
835 2978 963 3043 rorata
992 2978 1045 3042 des
1076 2977 1164 3042 edelr
1186 2977 1377 3061 Reinprecbt

183 3081 392 3164 Moesiam,
414 3103 475 3146 eoa
496 3082 597 3146 ibrem
620 3081 715 3146 Vaier
737 3082 805 3146 aad
827 3081 1206 3147 Muttersebcresiersobae
1227 3083 1295 3147 aad
1316 3103 1376 3146 roa

182 3185 235 3250 ibr
256 3187 372 3251 aeirem
387 3185 487 3268 Stifre
508 3186 623 3251 erblicb
646 3185 826 3269 anpesellea
846 3188 897 3266 ist,
920 3186 988 3249 und
1003 3186 1125 3252 ersucbt
1140 3186 1205 3251 Aet
1219 3185 1375 3267 Methana,

182 3289 238 3354 iba
260 3292 320 3355 mit
342 3289 514 3356 oemsdbea
535 3312 576 3355 au
599 3289 753 3356 berehorn.

287 3394 421 3478 Sirpier:
444 3396 560 3481 Propst
582 3394 686 3459 Jacob
710 3419 751 3459 au
772 3394 1117 3482 Kiaster·Newnburg.

287 3498 426 3565 Datum:
450 3498 565 3564 Geben
589 3524 629 3564 zu
644 3499 1023 3586 Klaster-Newnburgkh
1047 3523 1086 3565 an
1110 3499 1276 3587 phintztag
1291 3499 1375 3563 nach

183 3603 279 3668 sandt
301 3603 545 3687 Dorotbeentag
568 3602 692 3689 (1498).

286 3797 370 3863 Orig„
391 3798 456 3863 Pap.
474 3797 672 3864 feucbtfleckig.
708 3798 836 3849 Deutsoh.
872 3798 1047 3865 Secretsiegel
1070 3814 1125 3849 war
1147 3800 1196 3849 auf
1220 3799 1267 3849 der
1288 3799 1375 3850 Ruen-

181 3887 250 3937 reito
268 3886 297 3935 in
315 3885 417 3936 rothem
430 3885 546 3936 Wachro
564 3885 747 3952 ausgedrbckt.

226 4093 326 4162 2173.
868 4100 950 4157 1498
967 4100 1095 4157 Februar
1108 4099 1157 4165 17,
1176 4101 1331 4173 Gottwcig.

287 4285 449 4351 Heinrich
471 4285 705 4369 Eybeactar‘aer
726 4284 828 4351 erhilt
848 4305 918 4350 vom
941 4285 1038 4367 Stifte
1060 4306 1100 4348 ru
1123 4283 1263 4369 Gotweiq
1285 4287 1376 4351 einen

182 4392 258 4473 Hof
274 4392 342 4455 aad
363 4392 431 4455 eine
453 4390 565 4455 Marce
586 4411 627 4454 aa
650 4390 737 4455 Fert
757 4391 826 4455 aad
848 4390 1004 4454 benenate
1022 4389 1151 4469 Aecker,
1174 4389 1375 4473 Weiapr'irtea

183 4496 251 4560 aad
275 4494 398 4560 Wiesea
427 4516 469 4559 aa
491 4495 606 4571 Labeo,
636 4492 747 4558 welche
777 4494 943 4559 tlaeiboeise
971 4493 1087 4558 erblicb
1113 4514 1173 4558 oon
1195 4495 1265 4559 dora
1287 4494 1376 4558 edela

183 4600 375 4683 Reiaprecbt
396 4601 605 4682 Mnesiiaper,
636 4599 803 4664 ibeilweiee
832 4599 933 4662 durch
961 4598 1042 4682 freie
1064 4598 1238 4682 Ueberpobe
1262 4600 1376 4663 scitam

184 4706 237 4769 (les
268 4705 416 4787 Proprias
438 4704 537 4768 Jacob
567 4726 605 4767 ra
631 4705 669 4768 K
671 4704 912 4786 zosternenoarp
942 4703 990 4767 ais
1013 4703 1169 4768 Verona
1198 4705 1254 4768 der
1280 4703 1374 4786 peart-
