3356 5306
316 387 379 453 938

316 580 432 644 mentis
455 579 599 644 funditus
623 590 863 644 concrematum
887 579 984 644 choro
1008 580 1120 645 saltem
1144 590 1176 644 et
1198 583 1345 645 sacristia
1368 594 1513 667 excepta

316 682 465 768 pervadit
487 682 618 747 tandem
640 685 723 767 ignis
746 682 788 747 ad
816 683 940 770 reliqua
967 682 1143 767 conclavia,
1171 683 1391 748 dormitorium
1420 683 1512 747 vide·

315 787 400 871 licet,
424 786 660 867 bibliothecam,
684 786 849 852 abbatiam
869 790 1044 873 antiquam,
1069 790 1225 852 vinariam
1246 788 1361 853 cellam
1380 788 1513 873 aliaque

316 891 465 956 aedificia
488 892 702 956 cohaerentia.
746 892 862 977 Itaque
886 914 979 956 sacra
1006 914 1159 957 caesarea
1186 894 1337 957 maiestas
1364 892 1406 957 ad
1435 915 1513 957 con-

317 995 536 1082 templandam
558 994 642 1059 banc
666 999 848 1060 monasterii
875 1008 1018 1082 stragem
1041 996 1237 1061 consiliarios
1261 1007 1293 1061 et
1314 996 1515 1061 architectos

318 1104 411 1185 misit,
435 1104 489 1186 qui
511 1100 652 1165 incendii
676 1101 794 1165 damna
816 1111 849 1166 et
871 1104 980 1166 ruinas
1002 1101 1044 1165 ad
1068 1101 1169 1166 multa
1190 1100 1289 1166 millia
1311 1101 1516 1166 florenorum

317 1205 532 1272 aestimabant
552 1226 670 1291 easque
691 1207 748 1269 vix
768 1204 862 1292 longo
883 1217 1028 1291 tempore
1048 1228 1142 1292 posse
1163 1209 1303 1270 construi
1318 1205 1513 1271 retulerunt.

317 1312 462 1375 Favente
493 1320 601 1375 tamen
632 1309 741 1375 divina
771 1313 876 1396 gratia
905 1310 992 1376 idem
1022 1311 1188 1398 praefatus
1223 1311 1371 1376 dominus
1404 1309 1515 1375 abbas

317 1414 457 1479 Micbael
480 1418 586 1479 statim
609 1426 681 1500 post
702 1417 871 1481 restinctas
893 1415 1041 1480 flammas
1064 1439 1144 1501 opus
1172 1414 1373 1480 restaurandi
1402 1418 1517 1500 coepit

316 1530 414 1606 atque
444 1520 580 1584 triennio
610 1519 819 1605 subsequenti
850 1522 957 1584 omnia
989 1520 1157 1585 conclavia
1191 1530 1319 1606 praeter
1352 1518 1517 1605 grandius

316 1624 436 1709 fanum,
465 1623 551 1711 quod
573 1634 681 1689 tamen
705 1635 827 1689 sartum
848 1634 970 1690 tectum
993 1627 1127 1709 emovit,
1154 1628 1199 1690 ita
1226 1635 1261 1689 ut
1283 1647 1368 1688 nuuc
1391 1627 1518 1710 partim

317 1729 457 1794 firmiore
485 1739 516 1793 et
542 1729 687 1816 politiore
714 1729 817 1793 forma
844 1731 1094 1815 conspiciuntur,
1122 1732 1293 1812 exstruxit,
1321 1738 1519 1814 tantamque

317 1834 537 1898 aedificiorum
560 1833 687 1919 molem,
715 1832 801 1920 quod
829 1837 943 1899 mirum
972 1844 1003 1898 et
1025 1856 1151 1900 summa
1173 1833 1270 1898 laude
1293 1834 1429 1919 dignum
1452 1844 1517 1917 est,

317 1940 389 2025 pius
416 1938 469 2003 ille
496 1939 626 2025 praesul
653 1941 721 2003 sine
749 1939 815 2004 ulla
838 1942 1006 2004 exactione
1031 1948 1063 2004 et
1084 1941 1274 2025 gravamine
1296 1937 1519 2018 subditorum,

317 2044 379 2109 alia
409 2046 523 2130 quavis
554 2043 786 2108 contributione
816 2047 952 2129 propriis
980 2044 1094 2109 saltem
1122 2043 1302 2129 sumptibus
1322 2053 1354 2107 et
1373 2045 1520 2129 impens-

317 2152 361 2214 ais
387 2151 590 2229 restauravit,
623 2150 677 2233 qui
709 2146 785 2212 dum
813 2170 939 2213 summa
966 2170 1040 2213 cum
1066 2147 1164 2213 laude
1190 2146 1382 2232 regnaret⁶⁰
1408 2170 1519 2212 annos

318 2254 379 2318 XL
408 2275 535 2317 menses
562 2252 612 2317 ΙΙΙ
640 2250 708 2316 dics
736 2252 818 2317 XVI
846 2276 962 2337 magno
994 2275 1138 2318 moerore
1165 2263 1199 2317 et
1219 2252 1308 2317 luctu
1331 2253 1520 2318 vicinorum

316 2356 531 2442 praelatorum
568 2356 726 2422 baronum
765 2357 936 2423 nobilitatis
973 2360 1092 2423 civium
1131 2369 1163 2422 et
1200 2379 1330 2422 suornm
1368 2355 1521 2421 subdito·

316 2484 389 2527 rum
422 2483 506 2526 anno
539 2461 690 2545 [1609]⁶¹
724 2461 775 2526 die
804 2461 912 2546 [23]⁶1
942 2485 1052 2527 mense
1080 2460 1253 2546 [martio]⁵¹
1287 2459 1415 2547 placide
1446 2465 1521 2525 vita

319 2566 449 2631 functus
473 2576 529 2630 est.

420 2829 443 2860 ⁶⁰
462 2831 529 2880 Hier
551 2832 585 2879 iat
609 2830 652 2879 die
675 2830 849 2895 Resignation
872 2830 919 2879 des
935 2831 1018 2879 Abtes
1044 2830 1216 2895 tlbergangen
1239 2829 1353 2879 worden.
1391 2829 1446 2878 aba
1465 2829 1522 2879 sli-

316 2918 394 2967 cbael
413 2918 569 2983 resignierte
591 2917 655 2966 1000
668 2916 735 2967 Nov.
748 2918 780 2966 21
801 2917 858 2982 (XI.
871 2916 921 2966 cal.
935 2915 1003 2984 dec)
1023 2916 1142 2967 feierlich
1162 2932 1210 2967 vor
1227 2917 1287 2966 dem
1306 2917 1521 2968 versammelten

317 3005 422 3071 Capitel
451 3005 505 3054 und
532 3007 584 3070 gab
612 3003 652 3054 als
676 3004 768 3054 Grund
791 3006 849 3054 sein
873 3004 955 3054 bobes
972 3004 1047 3054 Alter
1070 3018 1113 3063 an,
1136 3004 1239 3053 worauf
1259 3005 1327 3053 noch
1350 3020 1393 3053 11111
1418 3005 1521 3055 selben

317 3094 391 3157 Tage
410 3092 479 3142 nach
491 3091 631 3141 Annahme
650 3091 697 3141 der
715 3092 890 3157 Resignation
909 3093 1008 3141 seitens
1026 3091 1072 3141 des
1087 3090 1206 3157 Capitels
1218 3091 1272 3140 Abt
1285 3090 1373 3155 Georg
1386 3090 1524 3144 Schedler

317 3196 370 3229 ron
389 3178 583 3229 ill-Marianon
603 3176 704 3245 (frtlber
722 3180 798 3228 Prior
820 3181 847 3228 in
868 3178 1012 3245 Gottweig)
1035 3178 1155 3240 erivahlt,
1178 3194 1245 3243 resp.
1265 3178 1404 3244 postuliert
1424 3181 1524 3231 wurde

318 3265 640 3331 (Resignatiensurkunde
668 3265 713 3316 des
734 3266 817 3315 Abtes
845 3266 981 3329 Michael).
1019 3265 1148 3316 Derselbe
1169 3267 1295 3330 Vorgang
1324 3264 1417 3314 wurde
1449 3268 1522 3317 1604

319 3354 396 3404 Febr.
416 3356 447 3403 18
471 3352 529 3403 laut
551 3352 683 3403 Urkunde
706 3359 839 3403 erneuert.
877 3355 944 3403 1604
962 3354 1080 3418 Sept12
1100 3354 1250 3418 bestitigen
1269 3351 1402 3402 Melcbior
1421 3352 1523 3405 Klasel

317 3457 343 3490 u.
356 3441 409 3492 sbt
420 3440 521 3505 Caspar
540 3456 592 3490 von
611 3440 685 3489 Molli
704 3440 744 3490 als
762 3440 903 3491 Prtsident
920 3441 967 3490 dos
985 3440 1181 3490 Klosterrathes
1199 3439 1243 3489 die
1262 3455 1315 3489 von
1327 3439 1522 3492 submonent

319 3528 444 3578 Herrlich
467 3529 510 3578 bei
533 3529 621 3578 seiner
644 3528 817 3594 Resiguatlon
840 3529 1050 3594 ausbedungene
1075 3529 1160 3578 Reate
1182 3527 1267 3594 (ung.
1289 3529 1325 3577 im
1351 3528 1525 3595 Gottweiger

318 3614 452 3680 Archive).
485 3644 515 3651 —
547 3613 569 3644 ⁶¹
588 3615 640 3665 Die
659 3616 761 3664 Zalrlen
787 3615 877 3665 leblen
901 3618 936 3665 im
957 3616 1100 3681 catalogus
1118 3631 1143 3665 u.
1163 3615 1222 3665 sind
1247 3614 1290 3664 die
1308 3614 1423 3664 Lbcken
1447 3617 1523 3666 nach

319 3705 429 3767 Angsbe
452 3703 497 3753 des
520 3705 555 3752 im
575 3703 677 3752 Atrium
697 3702 743 3753 der
761 3702 923 3769 Gottweiger
942 3703 1111 3753 Stiftekirche
1129 3702 1198 3752 linlrs
1216 3718 1277 3752 rom
1296 3701 1442 3767 Eingange
1462 3707 1523 3754 ein-

317 3795 490 3855 gemauerten
509 3805 677 3840 marmoruen
693 3791 864 3840 Grabsteines
883 3790 937 3839 und
955 3790 1000 3840 des
1014 3790 1177 3856 Gottweiger
1189 3789 1221 3840 N.
1241 3788 1316 3854 (Cod.
1335 3791 1369 3840 20
1389 3790 1439 3840 des
1457 3791 1524 3843 Ma.-

319 3877 461 3927 Cabinetes
480 3880 521 3927 23.
536 3875 621 3945 Mltra)
641 3881 758 3944 ergbnat.
