3406 5300
1341 427 1406 498 369

206 640 264 686 seu
293 614 421 708 petierit
450 628 484 686 et
505 636 565 708 per
588 644 668 708 quos
690 629 723 686 et
745 636 841 708 quem
864 614 965 688 voluit
986 623 1074 688 facta
1095 645 1153 709 per
1177 624 1402 709 paternitatem

204 750 236 791 v.
261 750 287 791 r.
312 735 464 812 pretensa
493 728 715 811 resignatione
745 725 906 791 abbaciali
936 726 1080 813 dignitati
1110 728 1269 814 preficere
1300 738 1400 794 etan

205 830 422 918 preficiendus
453 831 549 896 fuerit
578 840 656 896 tunc
685 833 717 895 in
749 834 941 896 monasterio
973 842 1005 896 et
1034 854 1076 897 an
1100 832 1196 897 fuerit
1217 831 1401 899 membrum

204 938 390 1000 monasterii
419 938 520 1002 vestri
550 935 682 1022 etquid
706 934 809 1001 abbas
832 934 954 1001 electus
978 936 1183 1002 Gotbicensis
1206 958 1264 1023 pro
1287 938 1400 1003 confir·

204 1043 350 1106 macione
380 1043 531 1127 episcopo
559 1041 743 1106 Patariensi
774 1040 903 1107 tribuat.
949 1041 1021 1107 Hac
1050 1041 1094 1107 ad
1122 1041 1255 1129 longum
1284 1043 1399 1108 litteris

205 1146 396 1231 significate.
448 1145 532 1211 Item
570 1145 798 1231 specificentur
834 1145 1011 1211 creditores
1048 1149 1243 1231 monasterii,
1281 1146 1400 1233 quibus

205 1252 382 1337 paternitas
413 1273 445 1315 v.
470 1272 507 1335 r.,
538 1248 617 1315 dum
646 1249 753 1315 fuerat
781 1252 814 1314 in
841 1252 1008 1335 regimine,
1040 1251 1194 1316 satisfecit
1223 1262 1255 1317 et
1277 1254 1304 1316 si
1326 1262 1401 1317 sunt

205 1356 380 1441 quittancie
410 1352 452 1419 de
482 1357 645 1441 perceptis
675 1376 732 1439 pre
762 1353 921 1439 manibus,
956 1356 1122 1421 mittantur
1151 1377 1290 1442 quoque,
1325 1358 1403 1421 item

205 1458 295 1524 litere
319 1460 537 1545 exempcionis
561 1459 728 1524 bonorum.
774 1460 857 1524 Item
879 1459 1091 1525 informentur
1112 1459 1282 1546 Romipete
1303 1481 1401 1546 super

205 1566 376 1629 structuris
398 1586 458 1651 per
480 1565 705 1651 paternitatem
729 1587 759 1629 v.
776 1588 802 1628 r.
819 1565 922 1630 factis.
946 1564 1018 1629 Hec
1041 1567 1148 1630 omnia
1169 1567 1195 1630 si
1218 1586 1283 1630 non
1304 1564 1399 1652 plene

205 1667 401 1754 probabunt,
433 1677 528 1733 erunt
557 1679 664 1734 tamen
687 1689 746 1755 pro
769 1667 944 1734 obtinenda
966 1671 1150 1735 remissoris
1173 1668 1215 1735 ad
1238 1679 1346 1756 partes
1369 1681 1402 1735 et

204 1771 266 1836 hiis
292 1772 409 1837 habitis
432 1772 597 1838 formalius
619 1771 845 1838 formabuntur
867 1771 1002 1838 articuli.
1047 1773 1202 1839 Preterea
1225 1775 1401 1859 paternitas

204 1886 314 1942 vestra
344 1880 449 1942 mittat
478 1877 669 1943 mandatum
698 1879 747 1942 sui
776 1880 1032 1964 procuratorium
1061 1878 1204 1965 speciale
1231 1878 1399 1965 adipeam

206 2002 348 2046 causam.
395 1980 518 2046 Habeo·
534 1984 631 2066 enim,
655 1990 690 2047 ut
712 1991 820 2047 vestra
841 2005 868 2047 r.
891 1984 981 2047 norit
1001 2003 1046 2068 p.,
1069 1985 1325 2068 procuratorium
1347 2006 1399 2070 ge

205 2085 315 2150 nerale
349 2108 409 2173 per
444 2089 669 2173 paternitatem
703 2110 734 2150 v.
758 2110 783 2151 r.
808 2096 841 2151 et
870 2109 932 2151 non
964 2096 1169 2171 conventum,
1200 2085 1277 2152 dum
1307 2089 1403 2152 eratis

205 2192 238 2254 in
262 2189 363 2274 Urbe,
394 2190 526 2275 factum,
557 2191 644 2278 quod
674 2191 828 2275 fortassis,
860 2212 935 2254 cunr
965 2212 1064 2256 causa
1094 2192 1135 2256 eit
1163 2212 1281 2276 magne
1310 2211 1404 2276 repu-

205 2295 349 2377 tacionis,
387 2318 452 2360 non
489 2295 636 2361 sufficiet.
681 2296 755 2360 Fiat
791 2294 904 2380 igitur
925 2317 1010 2360 nova
1043 2298 1230 2361 constitucio
1264 2298 1298 2361 in
1331 2296 1402 2362 loco

207 2399 410 2465 conventuali
444 2403 567 2465 vocatis
601 2399 734 2486 singulis
770 2402 824 2486 qui
854 2399 968 2465 haberi
997 2410 1132 2486 possunt
1161 2399 1314 2466 fratribus
1341 2423 1402 2488 per

211 2525 323 2569 sonum
346 2527 503 2591 campane
526 2514 559 2570 et
580 2508 785 2570 nominentur
806 2507 839 2571 in
862 2502 1044 2570 huiusmodi
1065 2507 1310 2570 constitucione:
1333 2505 1400 2571 An·

205 2611 311 2674 tonius
334 2608 444 2689 Poldo,
467 2610 662 2675 Laurentius
684 2608 809 2693 Algast,
839 2610 977 2674 Ioannes
1000 2608 1111 2692 Fabri,
1135 2609 1337 2675 Allexander
1359 2609 1401 2675 de

206 2712 351 2777 Bononia
379 2735 422 2778 ex
449 2736 486 2780 eo
511 2736 585 2779 curn
608 2712 751 2779 clausula
772 2712 1022 2778 substitucionis.
1067 2712 1230 2780 Advertat
1252 2724 1401 2801 preterea

205 2821 380 2904 paternitas
403 2842 433 2884 r.
458 2842 483 2884 r.
507 2818 550 2886 ad
572 2818 651 2903 illos,
675 2821 730 2905 qui
753 2818 909 2884 disturbio
932 2821 966 2884 in
988 2821 1180 2885 monasterio
1202 2820 1288 2885 facto
1317 2822 1402 2886 inter

207 2926 395 3011 episcopum
416 2932 449 2988 et
470 2925 696 3010 paternitatem
719 2948 750 2988 v.
766 2946 791 2989 r.
815 2922 1039 3008 interfuerunt,
1063 2933 1099 2989 ut
1120 2926 1147 2989 si
1170 2924 1268 3011 aliqui
1290 2948 1334 2991 ex
1349 2925 1400 2990 his

206 3026 331 3094 Urbem
361 3036 518 3115 peterent,
548 3030 714 3094 mittantur
740 3026 783 3092 ad
812 3050 874 3112 me,
905 3050 985 3114 quos
1007 3027 1140 3093 tandem
1162 3031 1194 3094 in
1216 3028 1401 3095 huiusmodi

206 3154 306 3197 caum
338 3132 516 3219 producam
545 3135 579 3197 in
608 3140 717 3197 testes.
763 3132 797 3199 si
829 3134 972 3219 episcopi
1001 3142 1075 3198 acta
1105 3134 1217 3218 vigore
1247 3135 1398 3220 rescripti

206 3235 286 3302 alias
316 3238 499 3323 paternitati
529 3260 560 3302 r.
585 3261 610 3302 r.
633 3238 723 3302 missi
745 3236 832 3302 facta
853 3258 918 3303 non
940 3235 1161 3321 extraherent,
1185 3236 1399 3303 extrahantur

205 3362 265 3426 per
286 3343 511 3427 paternitatem
533 3365 564 3406 v.
582 3364 619 3426 r.,
643 3352 676 3406 et
698 3342 865 3407 mittantur
886 3340 930 3406 ad
952 3363 1004 3406 me
1028 3352 1061 3406 et
1082 3340 1143 3406 biis
1166 3343 1287 3427 siopus
1302 3341 1400 3407 fuerit

204 3444 385 3532 producam
415 3445 457 3511 ad
488 3455 572 3512 acta.
618 3444 757 3511 Omnino
780 3455 855 3511 ante
877 3444 1038 3512 kalendas
1061 3445 1200 3511 octobris
1222 3445 1267 3510 nil
1289 3455 1400 3512 attem-

204 3548 355 3636 ptabitur.
379 3550 549 3615 Mittantur
571 3560 720 3636 preterea
741 3553 880 3638 pecunie
902 3572 960 3636 pro
984 3548 1171 3615 defensione
1192 3571 1299 3633 cause,
1323 3552 1399 3636 quia

205 3675 333 3740 semper
355 3676 413 3740 pro
435 3656 566 3721 notariis
588 3654 756 3720 advocatis
779 3654 962 3720 cursoribus
978 3654 1039 3719 hiis
1053 3652 1281 3740 indigebimus.
1306 3653 1397 3735 Quid

205 3767 315 3824 actum
337 3760 377 3823 sit
399 3756 441 3823 de
464 3757 612 3823 ducentis
635 3769 668 3824 et
690 3758 905 3846 quadraginta
927 3758 1057 3824 florenis
1073 3756 1287 3840 Renensibus,
1311 3758 1397 3824 clare

205 3885 248 3928 ex
277 3861 389 3928 litteris
419 3864 498 3928 meis
529 3885 602 3929 cum
631 3863 770 3950 plebano
800 3867 834 3929 in
864 3862 1032 3949 Halspach
1061 3865 1166 3928 missis
1188 3886 1219 3928 v.
1243 3887 1269 3927 r.
1293 3873 1398 3949 pater·

203 3968 287 4031 nitas
320 3969 455 4053 accepit.
508 3966 618 4033 Bullas
653 3970 872 4054 exempcionis
906 3967 1010 4054 pridie
1046 3975 1197 4054 presente
1230 3968 1327 4032 Petro
1364 3968 1398 4032 iu

205 4069 371 4136 banchum
394 4070 617 4137 Fucharorum
647 4075 680 4137 in
703 4071 949 4158 Saltzeburgam
977 4070 1019 4137 ad
1036 4071 1207 4158 Virgilium
1229 4071 1397 4137 Froschel·

203 4197 311 4241 moser
334 4176 508 4242 mittendas
537 4174 623 4242 dedi.
670 4176 757 4258 Quid
788 4177 913 4242 clericis
945 4196 1074 4242 camere
1096 4198 1155 4262 pro
1177 4176 1240 4241 hiis
1262 4176 1395 4261 cxsolvi,

204 4302 247 4344 ex
275 4278 387 4345 litteris
417 4302 544 4367 quoqne
574 4283 654 4346 meis
684 4283 858 4366 accipietis.
903 4281 957 4346 Ex
988 4282 1081 4367 copia
1110 4282 1313 4346 instrumenti
1342 4304 1397 4346 ex·

203 4386 504 4451 communicacionis
534 4384 603 4451 vidi
631 4387 857 4471 paternitatem
880 4409 912 4452 v.
937 4409 962 4451 r.
986 4395 1019 4451 et
1041 4384 1206 4453 dominum
1228 4384 1396 4451 Andream

203 4491 498 4555 excommunicatos
524 4489 633 4575 fuisse,
665 4512 764 4576 quare
787 4492 1015 4577 paternitatem
1038 4513 1070 4559 v.
1095 4513 1120 4554 r,
1145 4511 1216 4555 cras
1239 4489 1291 4554 vel
1313 4500 1397 4577 post

203 4614 276 4656 cras
305 4592 430 4658 absolvi
459 4593 588 4659 faciam.
633 4594 676 4660 Et
705 4597 732 4659 si
761 4595 938 4680 paternitas
968 4618 998 4659 v.
1023 4617 1048 4659 r.
1073 4591 1184 4659 habita
1215 4592 1396 4659 huiusmodi

203 4700 551 4764 excommunicacionis
580 4699 698 4763 noticia
727 4720 762 4763 se
793 4696 911 4765 divinis
941 4699 1175 4782 immiscuisset,
1208 4700 1396 4779 incurrisset

254 4807 361 4854 Frater.
380 4807 486 4853 natu.
505 4809 597 4853 anna
1205 4805 1240 4854 24
