3406 5300
1300 431 1363 498 339

276 609 398 675 Datum
427 621 459 676 et
485 623 593 678 actum
613 613 739 680 Vienna
763 617 1027 702 quartadecima
1050 618 1101 685 die
1125 624 1243 705 mensis
1266 645 1365 708 augu-

171 712 356 799 stilletis).

276 819 419 903 Zcupen:
441 822 645 907 presentibus
666 823 788 890 ibidem
810 827 954 913 providis
969 830 1046 894 viris
1062 833 1216 917 magistro
1230 830 1366 898 Andrea

172 922 422 991 Vnnerdorbem
453 925 495 991 do
525 926 680 1012 Budbeis,
711 929 828 996 clerico
850 931 1023 1017 Pragensis
1055 934 1201 1021 diocesis,
1231 938 1265 1001 in
1294 959 1365 1022 pre·

171 1028 277 1093 missis
306 1032 428 1094 notario
458 1030 589 1117 publico
618 1055 658 1099 ac
681 1038 856 1101 consistorii
879 1041 979 1102 nostri
1002 1038 1110 1104 scriba
1131 1042 1245 1125 iurato,
1267 1044 1366 1126 magi·

172 1141 238 1197 stro
267 1132 492 1199 Bartholomeo
522 1136 646 1202 Penntz
677 1137 718 1203 da
749 1139 1010 1226 Liberaciuitate,
1041 1141 1184 1208 Steffano
1214 1143 1369 1211 Paldauff

172 1236 214 1305 de
237 1236 448 1305 Hausledten
471 1248 503 1305 et
517 1239 661 1308 Iohanne
678 1242 856 1309 Sanntman
880 1244 921 1310 de
936 1245 1143 1334 Ndrnberga,
1165 1247 1365 1335 presbyteris

172 1351 205 1407 et
226 1340 316 1407 laicis
338 1343 541 1411 Pataviensis
564 1355 596 1412 et
617 1347 868 1435 Bambergensis
892 1350 1077 1435 diocesim,
1099 1351 1245 1418 testibus.

276 1536 358 1604 Orig,
385 1540 450 1606 Pap.
486 1541 545 1591 Lat.
582 1542 673 1609 Singal
696 1560 751 1595 war
773 1544 823 1595 aus
842 1544 890 1595 der
911 1546 1056 1597 Rttclrseite
1078 1546 1107 1596 in
1129 1546 1233 1598 rothem
1252 1548 1366 1600 Wachse

170 1623 356 1689 aulgsdriickt.

216 1851 318 1920 2182.
734 1858 833 1940 [14θὸ
849 1881 904 1922 vor
918 1864 1093 1940 September
1104 1866 1133 1933 3,
1152 1863 1323 1945 Gtttwetg]

171 2046 237 2111 Abt
259 2045 406 2112 Mattius
425 2045 454 2112 I.
478 2067 539 2111 oon
561 2045 715 2132 Gdttcocip
743 2049 989 2133 bansatricbtlpt
1011 2053 1080 2117 dero
1102 2052 1227 2134 Rupert
1249 2052 1367 2137 Spicpl,

171 2151 279 2217 aciaco
302 2151 457 2217 Vertrcter
479 2153 515 2216 io
538 2152 630 2234 Rom,
653 2174 713 2218 ucri
736 2155 806 2220 den
821 2156 991 2239 Herqoope
1013 2159 1113 2223 selues
1127 2156 1288 2223 Prooesaea
1310 2160 1369 2223 mit

172 2255 244 2320 dan
266 2254 416 2337 Biacliofe
441 2276 502 2322 coa
525 2255 653 2322 rassae
680 2258 728 2323 bia
753 2279 795 2323 aa
821 2262 923 2325 seiner
946 2260 1152 2343 Appellatioo
1175 2282 1219 2325 oo
1241 2262 1293 2326 die
1314 2269 1366 2328 rii-

649 2362 764 2428 miscbe
787 2362 892 2430 darie.

277 2534 361 2601 Copia
377 2537 407 2586 in
425 2535 489 2586 Ood.
502 2537 553 2586 894
572 2536 659 2604 (rothe
677 2554 726 2599 nu,
744 2537 901 2604 unfoliiert).

278 2657 330 2708 Die
352 2657 572 2724 chronologiscbc
590 2658 759 2726 Einreihung
777 2660 862 2711 dieses
880 2660 984 2712 Briefes
1002 2662 1090 2729 ergibt
1107 2662 1163 2713 sich
1186 2678 1235 2714 aus
1257 2664 1304 2714 der
1321 2663 1369 2714 Er·

172 2745 310 2812 withnung
327 2744 375 2797 der
386 2744 560 2812 Appellation
577 2746 624 2798 des
636 2745 718 2798 Abtas
730 2763 765 2797 an
778 2747 821 2800 die
833 2749 965 2800 romische
977 2748 1067 2812 Curia,
1085 2752 1166 2801 souis
1178 2765 1227 2802 aus
1238 2767 1279 2802 nr.
1292 2753 1368 2802 2181.

278 2919 482 2987 Venerabilis
513 2918 642 2985 domine
672 2923 839 3008 magister!
885 2921 1107 2988 Intelleximus
1139 2944 1217 2988 sane
1248 2923 1370 2989 litteras

173 3035 308 3110 vestras,
332 3024 451 3113 quibus
474 3023 648 3091 dominatio
671 3034 780 3091 vostra
802 3047 861 3091 nos
884 3029 1053 3092 certiorem
1075 3025 1217 3093 reddidit
1237 3027 1278 3093 de
1295 3048 1369 3115 qua·

175 3133 252 3198 dam
279 3138 452 3218 praetensa
474 3131 625 3195 citatione
648 3139 760 3196 contra
781 3152 954 3217 personam
978 3140 1119 3196 nostram
1143 3141 1175 3196 et
1196 3153 1255 3218 pro
1278 3141 1370 3218 parte

175 3240 377 3306 dominorum
408 3238 552 3325 episcopi
575 3237 777 3302 Pataviensis
806 3246 839 3303 et
868 3240 917 3302 sui
946 3236 1145 3323 suffraganei
1171 3238 1371 3303 Libariensis

174 3346 273 3410 tacita
295 3345 432 3409 veritato
455 3351 488 3408 et
510 3363 668 3428 expressa
688 3341 827 3408 falsitate
851 3350 986 3427 extorta,
1010 3363 1109 3429 quam
1130 3364 1235 3429 nuper
1255 3341 1370 3408 diebus

174 3450 341 3533 Mercurii,
356 3448 444 3513 Iovis
457 3456 517 3513 etc.
530 3448 564 3512 in
580 3446 943 3528 civitatibusWiennae,
956 3447 1075 3513 Krems
1090 3456 1123 3512 et
1133 3446 1297 3513 Maultsrn
1312 3470 1372 3534 per

175 3555 319 3621 edictum
341 3553 506 3640 publicum
530 3562 704 3617 exacutam
727 3553 965 3639 perspeximus,
996 3562 1193 3639 quapropter
1215 3574 1278 3618 non
1301 3575 1371 3638 pos·

174 3682 287 3727 sumus
316 3681 380 3725 non
408 3659 484 3723 satis
512 3657 675 3741 admirari,
699 3656 786 3743 quod
808 3655 992 3723 huiusmodi
1014 3659 1122 3723 citatio
1145 3679 1204 3744 per
1227 3656 1370 3723 edictum

175 3764 341 3853 publicum
369 3762 501 3829 decreta
524 3764 573 3846 sit,
598 3784 672 3827 cum
694 3783 759 3827 non
781 3761 884 3828 solum
906 3771 1004 3845 tutus,
1026 3784 1142 3827 verum
1164 3763 1261 3827 etiam
1284 3764 1370 3827 tutis·

176 3873 276 3935 simus
306 3868 349 3933 ad
376 3868 605 3933 monasterium
628 3876 773 3932 nostrum
795 3868 913 3952 optimo
937 3868 1055 3952 cuique
1077 3874 1187 3952 pateat
1208 3887 1370 3931 accessus.

177 3975 304 4041 Vellem
335 3976 432 4059 igitur
462 3975 546 4039 scire
573 3973 782 4039 libentissime
813 3972 873 4038 has
904 3970 1056 4058 equidem
1088 3994 1253 4058 personas,
1288 3994 1372 4058 quae

176 4103 275 4167 super
305 4077 488 4146 huiusmodi
519 4079 676 4143 citationis
705 4079 858 4164 petitione
881 4086 913 4142 et
936 4077 1066 4143 decreto
1088 4079 1121 4142 in
1145 4099 1244 4142 causa
1265 4076 1371 4142 huius·

177 4185 264 4252 modi
287 4187 357 4251 ausi
379 4185 470 4250 fuere
493 4185 600 4249 iurare
623 4192 656 4248 et
678 4181 841 4269 deponere
865 4190 960 4247 etan
983 4189 1096 4247 eontra
1116 4181 1197 4246 tales
1217 4191 1372 4269 tanquam

177 4312 309 4356 snorum
340 4288 434 4355 saluti
463 4290 497 4355 in
526 4288 589 4354 hac
615 4297 708 4375 parte
729 4290 933 4353 immemores
955 4289 990 4352 in
1012 4308 1165 4373 processu
1189 4309 1308 4354 causae
1331 4287 1371 4353 de

178 4397 248 4461 iure
278 4393 509 4482 excipiendum
538 4395 673 4477 veniret,
705 4394 951 4479 perscrutamini
974 4413 1095 4479 quaeso
1117 4390 1159 4456 de
1181 4391 1242 4458 hiis
1265 4391 1372 4457 hacte-

178 4521 249 4566 nus.
285 4499 458 4566 anterum
481 4499 522 4563 de
545 4501 666 4564 meritis
689 4519 807 4563 causae
830 4519 887 4584 pro
908 4495 1060 4584 ingenioli
1081 4498 1146 4562 mei
1168 4496 1296 4564 modulo
1320 4496 1371 4562 do

179 4605 386 4669 minationem
408 4613 551 4669 vestram
573 4605 740 4668 statuimus
763 4610 796 4666 et
818 4601 1022 4667 decrevimus
1044 4600 1291 4667 informandam.
1321 4600 1371 4665 In·

180 4710 290 4795 primis
313 4710 425 4773 scitote
448 4707 609 4796 quaedam
631 4705 675 4772 ad
697 4705 934 4772 informandam
957 4713 1161 4792 praetensam
1182 4706 1373 4771 sententiam

1166 4813 1217 4861 22*
