3378 5306
1328 457 1346 521 t

157 643 233 710 dum
263 644 408 730 regulam
430 645 517 711 beati
540 646 712 732 Augustini
735 647 887 732 episcopi,
910 646 1091 712 secundum
1115 669 1212 733 quarn
1235 650 1347 712 vivere

156 758 324 835 venerunt,
354 772 481 816 necnon
511 750 689 816 secundum
719 759 838 816 statuta
867 750 988 816 ordinis
1019 753 1065 816 eis
1087 751 1205 817 tradita
1228 751 1349 838 degant

156 876 194 919 ac
215 856 317 919 vitam
340 875 432 920 suam
455 853 595 940 dirigant
617 863 650 919 et
672 864 777 921 cartas
799 856 1022 920 visitaciouum
1044 858 1186 942 priorum
1201 878 1264 921 non
1281 878 1347 921 oas-

155 967 242 1023 satas
266 966 300 1023 et
321 960 423 1023 eciam
439 962 597 1045 presentis
613 957 744 1024 sedulel
760 958 936 1025 observent
949 958 992 1024 ad
1009 958 1061 1024 dei
1076 960 1211 1045 gloriam
1227 982 1348 1026 eorum-

155 1084 219 1149 que
249 1062 414 1146 profectus
444 1072 477 1128 et
506 1065 622 1128 merita
653 1072 685 1127 et
713 1062 756 1128 ad
780 1063 1022 1130 edificacionem
1045 1064 1154 1150 populi
1177 1064 1347 1131 Christiani

155 1165 307 1252 quodque
330 1165 363 1231 id
387 1167 552 1233 comodius
575 1166 751 1253 adimplere
772 1167 912 1251 valeant,
934 1167 1101 1234 scedulam
1116 1169 1291 1255 quandam,
1314 1171 1347 1233 in

155 1293 219 1357 qua
243 1272 446 1336 continentur
469 1272 610 1358 quedam
634 1271 848 1357 observanda,
877 1295 951 1338 cum
974 1282 1098 1338 secreto
1120 1271 1292 1338 reverendi
1314 1275 1347 1338 in

156 1375 283 1442 Christo
313 1377 413 1461 patris
441 1398 480 1440 oc
504 1376 623 1441 domini
648 1376 767 1442 domini
789 1376 962 1442 Laurencii
986 1376 1114 1442 abbatis
1137 1377 1349 1444 Gotwicensis

155 1482 407 1566 supranominati
436 1482 514 1567 ipsis
545 1480 666 1545 sedicet
696 1480 818 1567 prelato
841 1491 874 1546 et
895 1480 1049 1547 fratribus
1071 1484 1136 1547 suis
1157 1481 1347 1568 reliquimus

155 1585 248 1650 nobis
279 1583 330 1649 vel
360 1584 429 1650 aliis
459 1585 675 1650 visitatoribus
697 1588 844 1671 proxime
868 1585 1169 1671 supervenientibus
1192 1585 1348 1651 exhiben-

154 1689 241 1755 dam.
286 1690 383 1754 Hanc
406 1712 534 1776 quoque
558 1700 680 1755 cartam
703 1690 836 1774 singulis
859 1690 1023 1755 mensibus
1046 1690 1170 1775 prelato
1193 1699 1224 1755 et
1247 1692 1346 1755 omni-

155 1793 217 1858 bus
238 1793 391 1859 fratribus
415 1796 617 1880 congregatis
639 1794 704 1879 legi
727 1793 874 1860 volumus
896 1796 930 1859 in
952 1804 1122 1860 conventu.
1153 1794 1191 1859 In
1208 1816 1345 1880 quorum

155 1900 299 1964 omnium
330 1901 386 1981 sio,
421 1908 457 1963 ut
486 1901 689 1985 premittitur,
724 1907 869 1964 actorum
897 1897 1032 1964 evidens
1064 1900 1281 1964 testimouium
1315 1907 1347 1963 et

154 2002 256 2068 robur
277 2024 335 2068 nos
357 2002 559 2068 Laurencius
580 2002 784 2069 Gotuiceusis
808 2012 839 2067 et
855 2003 993 2068 Mathias
1010 2002 1179 2069 Scotorum
1194 2003 1348 2089 Wyeune

154 2109 421 2174 monasteriorum
451 2107 595 2190 abbates,
627 2107 768 2172 Thomas
795 2106 906 2172 Sancti
928 2106 1071 2193 Yppoliti
1095 2129 1134 2171 ac
1156 2106 1348 2171 Leonardus

154 2214 189 2277 in
215 2212 411 2299 Tyrenatain
441 2214 707 2277 monasteriorum
737 2211 853 2275 decani
882 2211 1134 2296 supranominati
1164 2221 1348 2296 presentem

154 2326 280 2382 cartam
308 2316 410 2402 sigillo
432 2318 616 2381 monasterii
638 2315 776 2381 abbacie
800 2314 1004 2381 Gotuiceusis
1025 2314 1142 2400 prefati
1164 2314 1206 2379 ob
1228 2325 1348 2380 nostro

154 2443 229 2486 rum
261 2420 551 2508 condeputatorum
580 2422 780 2485 visitatorum
809 2418 973 2484 defectum
994 2417 1170 2505 sigillorum
1191 2417 1349 2484 tradimus

154 2528 364 2613 impressione
384 2527 577 2610 insignitam.
605 2525 728 2590 Datum
749 2533 781 2589 et
803 2533 912 2588 aetum
933 2525 967 2588 in
990 2524 1180 2588 monasterio
1203 2521 1349 2608 predicto

155 2629 268 2696 Sancti
283 2629 417 2695 Andree
441 2631 487 2694 cis
501 2630 683 2694 Traismam
705 2631 861 2713 vigesima
884 2630 987 2714 prima
1010 2626 1061 2691 die
1085 2627 1204 2691 mensis
1220 2625 1347 2691 decern·

158 2734 225 2800 bris
247 2756 332 2799 anno
354 2757 374 2798 a
395 2736 563 2799 nativitate
586 2733 706 2799 domini
728 2732 894 2798 millesimo
918 2731 1235 2818 quadringentesimo
1256 2752 1348 2795 sexa·

153 2841 279 2925 gesimo
301 2847 426 2904 octavo.

200 3048 296 3117 1738.
806 3052 889 3109 losa
907 3052 1036 3110 Febrnar
1052 3051 1103 3116 lo,
1120 3050 1304 3109 (infeudari.

260 3214 392 3281 Jolaoaa
403 3215 575 3293 Motaeber,
592 3213 809 3279 Ministeriole
823 3214 877 3295 dea
888 3210 1133 3295 Heraoptlaames
1145 3208 1347 3289 Oeaterreiclt,

154 3319 286 3386 verleibt
308 3320 376 3384 dem
392 3318 559 3402 Wolfpaap
574 3318 733 3400 Saffroaa
755 3339 815 3383 voa
829 3316 1064 3400 Kaaipatettea,
1087 3316 1190 3380 ciuem
1205 3312 1349 3380 Olerileer

155 3426 211 3490 der
233 3424 395 3490 Puaeoaer
415 3423 555 3505 Didoese,
584 3422 712 3489 welche
741 3422 793 3487 die
818 3421 889 3487 leil.
911 3420 1039 3487 Weilrea
1061 3420 1249 3501 enspfoapea
1270 3416 1347 3499 will,

155 3529 229 3594 aber
258 3528 346 3593 uiolet
375 3529 427 3593 die
456 3528 671 3611 notbweadipe
697 3525 917 3592 Saateatutioa
947 3544 1007 3590 aas
1036 3524 1151 3589 sanem
1172 3521 1347 3605 Eiqenver-

154 3640 263 3717 mdpen
290 3633 357 3709 lact,
384 3631 510 3697 dotato
533 3633 569 3697 ia
590 3630 786 3697 Aabetracltt
807 3629 1089 3711 setae-sonsum
1107 3632 1204 3710 poten
1225 3625 1347 3708 Eipea·

155 3737 300 3821 sebastea
328 3737 390 3802 dea
412 3736 582 3817 Tiscbtitel,
613 3736 661 3802 bis
687 3756 721 3800 er
743 3736 795 3800 eia
816 3733 1055 3800 aasreiclzeades
1077 3730 1274 3814 Beneficium
1296 3751 1345 3795 er·

156 3842 245 3926 loapt
267 3841 333 3907 lact.

261 3944 395 4029 Siepler:
419 3942 473 4031 (1.)
496 3944 625 4010 Johann
648 3944 824 4009 Matzeber.

260 4049 383 4114 Datum
414 4050 446 4113 in
478 4060 582 4113 castro
612 4070 683 4113 meo
714 4047 953 4114 Grauendorff1
985 4046 1122 4111 ducatus
1152 4052 1185 4108 et
1211 4042 1348 4108 diocesis

157 4154 273 4239 quibus
297 4174 395 4238 supra
417 4150 532 4239 (1469)
556 4151 683 4218 decima
704 4150 870 4216 februarii.

260 4321 343 4386 Orig.‚
361 4322 438 4387 Perg.
451 4320 648 4371 durcblochert.
685 4320 744 4370 Lat.
780 4317 870 4384 Sisgel
888 4332 923 4368 an
941 4315 1154 4384 Perg.·Streilen.

261 4427 283 4477 1.
301 4426 379 4488 rund,
397 4430 465 4493 grtln
483 4426 532 4476 auf
548 4424 608 4475 Sch.
621 4424 671 4491 (ur.
687 4425 753 4474 1524
771 4421 857 4488 s.11).

158 4616 235 4672 1732.
260 4620 273 4653 ‘³
291 4619 362 4671 Statt
378 4617 486 4668 reodola.

158 4729 238 4787 1788.
260 4731 270 4763 ¹
288 4731 458 4793 Graiaudorf,
476 4732 552 4784 G.·B.
565 4730 712 4782 Stocksrau
732 4726 932 4795 (Topographle
949 4743 975 4778 v.
988 4725 1084 4777 naon.
1102 4724 1152 4785 111,
1170 4720 1242 4787 622).
