3388 5302
1288 401 1350 466 143

258 587 297 653 In
318 589 448 654 nomine
471 587 607 675 domini;
631 611 737 656 amen
774 589 871 656 Anno
894 615 914 657 a
936 594 1101 658 nativitate
1124 592 1270 660 eiusdem
1284 594 1350 660 mil·

153 690 265 757 lesimo
296 691 613 778 quadringentesimo
641 696 869 780 octuagesimo,
891 695 1064 763 indictione
1086 697 1273 782 tredecima,
1298 697 1350 765 die

153 817 232 862 vero
254 796 391 862 Veneris
423 797 549 864 decima
579 801 697 864 mensis
725 802 849 883 marcii,
873 800 952 866 hora
975 823 1061 867 nona
1083 812 1159 868 ante
1182 802 1351 869 meridiem

153 899 207 966 vel
238 904 340 988 quasi,
370 904 576 989 pontificatus
608 905 802 970 sanctissimi
831 907 865 970 in
886 905 1013 973 Christo
1045 909 1144 994 patris
1172 916 1205 973 et
1232 907 1351 974 domini
1439 909 1440 912 ’

155 1008 263 1091 nostri,
289 1006 408 1073 domini
431 1007 524 1093 sixti,
548 1007 659 1074 divina
681 1008 886 1095 providentia
908 1033 993 1098 pape
1016 1015 1132 1098 quarti,
1156 1035 1241 1078 anno
1264 1035 1349 1078 nono

154 1111 357 1177 venerabiles
380 1123 489 1199 patres
512 1111 633 1178 domini
648 1112 841 1180 Wilhelmus
865 1114 906 1180 de
928 1115 1048 1182 Aheim
1069 1120 1263 1203 prepositus,
1287 1118 1350 1183 Va·

154 1216 294 1282 lentinus
315 1217 513 1304 Pernpeckh
542 1217 688 1284 decanus
710 1227 878 1306 totumque
901 1222 1077 1307 capitulum
1100 1222 1236 1288 ecclesie
1258 1224 1351 1289 Pata·

155 1322 276 1387 viensis
304 1330 383 1388 tunc
413 1323 632 1410 capitulariter
662 1327 851 1410 congregati
881 1348 921 1391 ec
944 1327 1118 1413 capitulum
1140 1328 1296 1394 facientes
1319 1338 1352 1396 et

154 1436 414 1514 representantes
447 1429 479 1493 in
514 1438 660 1495 nostrum
693 1433 892 1495 notariorum
925 1430 1128 1516 publicorum
1161 1442 1193 1498 et
1221 1436 1351 1500 testium

154 1531 431 1618 infrascriptarum
457 1532 500 1598 ad
523 1533 585 1598 boc
607 1533 790 1620 specialiter
811 1543 999 1601 vocatorum
1022 1545 1053 1602 et
1074 1546 1259 1623 rogatorum
1281 1561 1351 1626 pre·

155 1639 259 1703 sentia
287 1638 431 1724 prefatus
462 1637 610 1703 dominus
634 1638 826 1705 Valentinus
857 1639 1003 1706 decanus
1024 1650 1092 1707 tem
1113 1663 1172 1729 pro
1195 1664 1230 1708 se
1254 1664 1351 1729 quam

156 1744 254 1809 etiam
276 1744 350 1807 vice
373 1751 406 1808 et
426 1745 556 1809 nomine
571 1743 766 1809 venerabilis
782 1744 913 1830 capituli
928 1745 1064 1811 ecclesie
1078 1746 1230 1812 iamdicte
1244 1750 1351 1813 animo

156 1856 188 1913 et
215 1849 398 1913 intencione
426 1847 627 1934 provocandi
656 1858 689 1915 et
717 1850 902 1936 appellandi
932 1850 1096 1938 quandam
1122 1852 1351 1939 appellacionis

156 1951 332 2037 scedulam,
357 1973 454 2037 quam
476 1962 554 2018 tuno
576 1956 610 2017 in
638 1955 702 2019 suis
730 1953 863 2019 tenebat
889 1954 1049 2038 manibus,
1072 1958 1106 2021 in
1132 1955 1275 2022 medium
1296 1979 1351 2022 ex·

155 2056 261 2122 hibuit
287 2066 320 2121 et
347 2059 536 2143 interposuit
565 2080 605 2123 ec
635 2057 676 2122 de
709 2057 808 2123 verbo
840 2058 883 2123 ad
912 2059 1051 2125 verbum
1079 2060 1218 2146 perlegit
1239 2082 1351 2147 provo

157 2163 308 2247 cavitque
332 2169 364 2226 et
385 2161 563 2248 appellavit
584 2163 744 2248 apostolos
765 2173 821 2230 aut
844 2165 957 2229 saitem
979 2164 1100 2231 litteras
1123 2164 1351 2231 testimoniales

157 2269 254 2353 peciit
280 2289 320 2331 ac
349 2267 428 2332 alias
458 2276 491 2334 et
516 2267 579 2333 alia
602 2268 696 2334 duxit
719 2269 860 2353 etfacit,
884 2269 1158 2355 quemadmodum
1179 2274 1214 2336 in
1236 2269 1351 2336 eadem

156 2374 261 2459 papiri
291 2371 407 2438 cedula
436 2372 569 2438 inferius
600 2373 640 2439 dc
663 2373 764 2439 verbo
788 2373 831 2439 ad
853 2374 990 2440 verbum
1012 2377 1133 2440 inserta
1154 2375 1256 2441 lacius
1279 2398 1351 2442 con-

156 2479 299 2543 tinentur
326 2485 358 2543 et
379 2476 551 2563 habentur,
575 2481 665 2544 errius
688 2488 781 2544 tenor
803 2482 948 2567 sequitur
971 2489 1003 2546 et
1025 2490 1075 2546 est
1095 2480 1182 2548 talis:
1219 2482 1352 2549 Immor-

156 2582 229 2648 talis
253 2581 333 2648 deus
356 2604 518 2649 summum
539 2585 639 2669 ipsius
661 2586 694 2649 in
716 2584 935 2670 spiritualibus
951 2594 983 2650 et
997 2585 1227 2672 temporalibus
1243 2590 1353 2654 statuit

157 2689 316 2753 vicarium
346 2697 378 2753 et
406 2690 500 2754 terris
529 2691 788 2775 superimposuit,
812 2699 847 2753 ut
869 2691 1039 2774 iusticiam,
1063 2713 1160 2777 quam
1183 2691 1275 2757 nobis
1297 2715 1351 2758 ve·

155 2794 212 2860 luti
241 2800 470 2858 testamentum
500 2814 595 2858 suum
625 2794 763 2880 reliquit,
795 2793 924 2879 coleret,
956 2797 1143 2882 unicuique,
1174 2795 1262 2882 quod
1290 2797 1352 2862 sibi

156 2897 341 2982 deberetur,
369 2896 536 2982 tribueret,
560 2900 709 2963 iniuriam
731 2898 930 2984 patientibus
952 2899 1140 2966 subveniret
1162 2910 1195 2966 et
1216 2901 1353 2968 alterum

156 3001 197 3068 ab
220 3002 323 3068 altero
346 3003 455 3088 inique
476 3001 542 3067 ledi
563 3025 628 3068 non
651 3006 859 3089 permitteret.
907 3004 980 3069 Hoc
1002 3007 1123 3070 etenim
1145 3006 1353 3073 catolieorum

156 3107 345 3193 pontificum
379 3108 480 3193 exigit
514 3106 652 3192 devotio,
687 3106 749 3172 hoc
779 3108 999 3172 Romanorum
1028 3111 1163 3195 requirit
1192 3113 1353 3194 maiestas,

156 3220 191 3276 ut
219 3213 281 3297 ipsi
311 3233 331 3277 a
361 3213 437 3277 iuris
466 3213 603 3277 veritate
632 3233 697 3277 non
729 3211 902 3295 divertant,
938 3214 972 3278 in
1005 3235 1142 3299 quorum
1176 3224 1352 3301 conspectu

156 3318 316 3382 iusticiam
338 3316 485 3382 revelare
508 3326 642 3404 oportet.
685 3316 791 3382 Tanto
813 3338 955 3403 namque
978 3320 1081 3404 magis
1103 3320 1136 3382 in
1159 3320 1205 3383 eis
1228 3319 1353 3384 exorbi-

156 3423 267 3504 tantia,
300 3422 327 3485 si
356 3442 455 3507 quam
485 3423 731 3506 committerent,
760 3420 953 3487 detestanda
976 3431 1069 3506 esset,
1094 3432 1214 3510 quanto
1236 3425 1298 3509 ipsi
1320 3426 1353 3489 in

158 3524 309 3591 omnibns
339 3527 401 3590 viis
424 3548 535 3591 eorum
559 3535 670 3591 contra
691 3528 951 3612 prevaricatores
973 3528 1098 3592 iusticie
1121 3529 1276 3592 intensius
1300 3527 1353 3593 de·

156 3630 233 3697 bent
263 3632 384 3696 armari
413 3640 445 3696 et
474 3630 548 3696 ideo
577 3630 678 3697 multa
707 3633 786 3697 iuris
816 3630 961 3696 remedio
991 3634 1025 3697 in
1052 3653 1277 3718 oppressorum
1300 3633 1354 3698 vel

158 3737 296 3823 opprimi
325 3735 554 3801 verisimilibus
585 3738 778 3802 coniecturis
808 3738 994 3801 timencium
1023 3739 1184 3802 asanetis
1207 3738 1353 3823 patribus

156 3840 329 3907 salubriter
358 3849 434 3905 sunt
463 3840 649 3926 adinventa,
679 3851 715 3905 ut
746 3839 823 3905 dum
846 3840 956 3906 odium
978 3840 1039 3906 sibi
1061 3841 1168 3906 locum
1190 3841 1353 3923 vendicat,

157 3944 234 4010 dum
257 3947 352 4011 timor
375 3944 494 4027 exulat,
520 3945 598 4010 dum
620 3948 781 4032 premium
802 3954 858 4010 aut
881 3947 1064 4032 expectatio
1084 3947 1184 4032 ipsius
1199 3946 1353 4012 iudicium
1398 3996 1400 4000 »

157 4052 274 4116 evertit
296 4048 349 4115 vel
373 4072 463 4115 error
485 4059 542 4116 aut
563 4050 705 4116 humans
727 4050 883 4137 fragilitas
905 4073 965 4137 per
987 4053 1125 4136 gratiam
1139 4051 1192 4116 vel
1208 4051 1353 4117 favorem

157 4155 280 4239 incidit,
311 4157 457 4241 oppressi
487 4158 670 4222 memoratis
702 4155 853 4221 remediis
883 4158 916 4220 in
948 4177 1120 4221 causarum
1149 4156 1354 4242 processibus

157 4264 202 4326 uti
232 4257 365 4325 valeant
395 4269 427 4325 et
455 4262 586 4346 possint.
631 4261 675 4325 Et
703 4261 839 4347 proinde
870 4282 928 4325 nos
949 4260 1143 4327 Wilhelmus
1171 4260 1212 4325 de
1234 4260 1353 4327 Abeim

157 4367 349 4452 prepositus,
374 4364 563 4430 Valentinus
578 4365 776 4452 Pempeckh
800 4365 944 4431 decanus
967 4374 1000 4431 et
1022 4366 1196 4452 capitulum
1216 4365 1353 4433 ecclesie

158 4470 361 4536 Pataviensis
392 4478 458 4535 tam
488 4492 547 4556 pro
577 4469 670 4535 nobis
697 4493 794 4557 quam
816 4480 880 4536 toto
904 4470 999 4555 clero,
1022 4472 1140 4558 populo
1164 4480 1196 4537 et
1217 4471 1353 4538 subditis

159 4578 297 4642 civitatis
329 4584 361 4639 et
392 4573 528 4640 diocesis
559 4574 704 4640 ciusdem
733 4597 860 4641 necnon
891 4574 1038 4641 omnibus
1067 4577 1137 4642 aliis
1168 4585 1199 4641 et
1221 4575 1352 4662 singulis

159 4679 233 4747 huic
263 4681 487 4767 provocationi
517 4679 729 4768 appellacioni
759 4703 816 4746 seu
843 4683 952 4747 verius
982 4681 1212 4768 supplicacioni
1242 4702 1282 4744 ac
1305 4703 1352 4744 re-
