3378 5306
328 405 371 470 32

328 596 456 681 cione]¹‘
486 597 642 683 legittima
663 604 743 664 tanti
766 605 928 687 temporis,
956 605 1047 667 cuius
1070 605 1156 668 inicii
1178 604 1343 670 hominum
1365 608 1521 670 memoria

327 725 392 767 non
415 704 533 787 existit,
556 703 732 769 scientibus
755 707 956 791 pacientibus
980 718 1011 772 et
1030 707 1250 773 tollerantibus
1266 733 1296 774 v.
1314 732 1344 795 p.
1361 734 1386 775 r.
1403 720 1436 775 et
1450 733 1521 796 pre·

328 807 551 872 decessoribus
580 809 725 874 eiusdem
747 813 805 875 tuti
829 820 861 875 et
882 814 994 876 muniti
1017 834 1088 876 esse
1112 812 1317 898 dinoscimur,
1347 816 1380 879 in
1403 815 1521 901 quibus

327 911 502 997 privilegiis
525 913 788 998 exempcionibus
811 915 981 980 unionibus
1004 917 1318 1002 incorporaoionibus
1342 928 1374 983 et
1395 918 1521 983 iuribus

327 1015 509 1082 huiusmodi
543 1039 601 1082 nos
632 1027 664 1082 et
693 1021 887 1084 monasteria
917 1030 1027 1085 nostra
1056 1020 1217 1107 religionis
1247 1022 1521 1108 contemplacione

327 1120 449 1186 nedum
479 1121 711 1187 conservandis
741 1134 773 1188 et
804 1125 1061 1210 manutenendis,
1093 1125 1151 1190 sed
1182 1137 1215 1191 et
1244 1129 1297 1211 pia
1324 1149 1364 1191 ac
1385 1136 1522 1212 paterna

326 1225 525 1311 benignitate
551 1226 743 1312 ampliandis
773 1250 830 1293 nos
860 1232 1012 1316 prosequi
1042 1253 1103 1296 nee
1133 1229 1176 1294 ad
1205 1230 1385 1318 aliquorum
1407 1231 1522 1297 funda·

328 1333 427 1395 cionis
450 1331 692 1417 privilegiorum
715 1336 935 1419 exempoionis
951 1336 1221 1420 incorporacionis
1237 1357 1294 1399 seu
1311 1336 1436 1400 unionis
1451 1358 1522 1421 pre·

328 1434 486 1500 dictorum
519 1435 572 1500 vel
606 1446 786 1502 nostrorum
820 1438 915 1503 aliam
949 1461 1189 1525 quamcumque
1219 1441 1434 1505 ostensionem
1463 1462 1523 1505 seu

327 1538 564 1604 exhibicionem
598 1540 640 1604 ad
671 1543 821 1626 graviora
850 1552 959 1608 nostra
988 1552 1020 1608 et
1051 1542 1226 1608 eorundem
1257 1545 1523 1609 monasteriorum

327 1654 509 1709 nostrorum
539 1644 708 1732 dispendia
737 1645 864 1711 labores
896 1657 1041 1732 sumptus
1072 1658 1103 1713 et
1134 1647 1279 1735 pericula
1308 1648 1441 1713 vitanda
1464 1670 1523 1714 nos

327 1758 433 1813 artare
463 1749 569 1813 velitis
591 1749 635 1814 ad
657 1749 842 1815 fidelissime
865 1754 1021 1816 suasionis
1044 1752 1215 1817 recolende
1238 1754 1390 1817 memorie
1413 1755 1523 1818 imme·

328 1852 405 1918 diati
436 1852 673 1938 predecessoris
704 1864 737 1919 et
767 1876 793 1918 e.
818 1877 849 1919 v.
874 1878 899 1918 r.
924 1877 954 1940 p.
980 1857 1080 1919 instar
1107 1856 1198 1920 nobis
1221 1856 1306 1920 facte
1330 1878 1387 1941 pro
1410 1858 1523 1942 gracia

326 1957 481 2043 singulari
509 1981 589 2044 erga
611 1958 748 2024 eandem
770 1983 802 2025 v.
818 1982 844 2024 r.
861 1983 892 2046 p.
913 1959 1087 2025 honoribus
1111 1970 1143 2025 et
1165 1961 1325 2048 obsequiis
1348 1960 1521 2027 humilimis

326 2066 373 2129 uti
401 2064 595 2129 fidelissimis
625 2065 804 2129 oratoribus
833 2075 865 2129 et
888 2064 1100 2130 devotissimis
1122 2064 1195 2129 filiis
1218 2068 1304 2130 omni
1328 2088 1402 2130 cum
1425 2065 1521 2131 devo·

327 2171 418 2234 cione
450 2168 559 2234 debita
591 2168 818 2254 deservienda,
839 2192 937 2256 quam
960 2169 1132 2235 altissimus
1155 2192 1309 2257 prospere
1333 2180 1366 2235 et
1387 2169 1523 2235 feliciter

327 2296 521 2338 conservare
538 2273 698 2359 dignetur.
729 2275 851 2339 Datum
866 2275 943 2340 ΧΠ.
957 2274 1009 2340 die
1025 2278 1144 2340 mensis
1159 2274 1226 2339 iulii
1241 2297 1325 2340 anno
1337 2282 1397 2339 etc.
1412 2275 1521 2340 LXX.

430 2378 468 2443 E.
493 2402 523 2443 v.
548 2402 573 2443 r.
597 2402 628 2465 p.
653 2377 789 2444 humiles
818 2388 849 2443 et
879 2379 987 2444 devoti
1014 2389 1157 2446 oratores
1180 2378 1294 2466 prelati
1317 2377 1378 2445 sub
1401 2379 1520 2444 Anaso.

369 2623 471 2691 1769.
1250 2629 1331 2687 1470
1346 2631 1409 2687 tun
1426 2630 1477 2689 14.

428 2797 548 2864 Mater
576 2797 709 2863 Maluer
741 2819 782 2864 aa
811 2798 899 2863 Furt
928 2798 996 2862 aad
1025 2798 1082 2862 der
1110 2796 1254 2863 Moiodel
1282 2818 1323 2862 aa
1352 2798 1522 2882 Perpurun

325 2904 486 2969 eioersa'ts
515 2903 584 2968 uod
604 2901 723 2967 Honos
747 2902 841 2986 Boyr
862 2903 931 2967 uod
952 2902 1046 2967 Peter
1068 2901 1238 2984 Habroatis,
1267 2902 1446 2967 Amtmooo
1468 2904 1522 2969 des

325 3027 386 3072 ooo
422 3007 596 3092 Tprnslaia
637 3027 678 3070 au
715 3006 1013 3084 Sebeaolohobrdao,
1058 3006 1232 3071 underseits
1267 3006 1436 3071 soldiolrten
1472 3006 1522 3073 uls

325 3111 534 3195 Sprucbleute
563 3113 653 3176 aueo
675 3110 777 3177 Streit
802 3110 1048 3177 coarctandam
1072 3110 1211 3177 Oelleror
1232 3110 1357 3175 Brlrort
1378 3132 1419 3176 au
1442 3110 1520 3177 Got-

326 3217 393 3301 boip
422 3217 491 3282 uod
512 3216 651 3281 Erlrortt
672 3216 799 3282 Schorel
827 3217 895 3281 aad
917 3217 1100 3281 Kotlrcrioo
1130 3215 1239 3279 dassen
1261 3215 1357 3279 Fron
1387 3236 1443 3279 um
1469 3218 1522 3281 cio

326 3322 432 3387 Leheu
454 3342 495 3387 aa
509 3321 596 3399 Pult,
620 3320 747 3387 welches
769 3320 893 3387 letalere
908 3320 1065 3386 colosson
1080 3320 1190 3396 babeo,
1215 3319 1520 3403 folpendermossoo:

324 3426 397 3492 Dos
427 3427 534 3491 Letoa
564 3426 672 3510 pehdrt
705 3426 764 3491 mit
793 3425 877 3491 allen
906 3426 1045 3491 Recltco
1074 3426 1143 3490 dem
1173 3425 1270 3507 suste
1298 3445 1339 3488 aa
1370 3425 1520 3509 Gotwee'p,

325 3531 477 3596 wdlrrend
498 3529 627 3595 Solorel
655 3531 723 3595 aad
752 3532 837 3595 seiae
858 3531 954 3595 Frou
984 3530 1043 3595 dos
1065 3529 1165 3595 Recht
1193 3531 1259 3611 auf
1283 3529 1334 3593 die
1355 3528 1521 3613 Feobsrmp

327 3634 366 3721 ΙΙ,
391 3635 505 3701 Joctes
527 3634 662 3715 Weisen,
686 3634 729 3722 ¹l2
752 3635 864 3700 Jocbes
886 3635 980 3699 Korn
1009 3635 1078 3699 uod
1106 3632 1150 3720 ⁸l4
1172 3634 1254 3699 Joolr
1280 3633 1386 3714 Hofer
1408 3633 1519 3699 babeo.

325 3739 398 3805 Wer
426 3741 486 3805 dero
510 3739 740 3821 Schiedspruclt
769 3739 856 3804 nicht
885 3739 1015 3819 eiabdlt,
1046 3740 1088 3804 iat
1117 3740 1233 3804 sanem
1260 3738 1383 3802 rechten
1409 3737 1521 3803 Horra

325 3848 384 3910 mit
399 3850 443 3913 32
453 3846 496 3910 d.
515 3854 567 3926 ab,
590 3845 646 3909 der
660 3844 871 3927 Gepeoportei
885 3845 944 3909 mit
958 3845 1075 3908 aeioem
1089 3843 1205 3908 Rechte
1219 3842 1287 3907 aad
1302 3843 1363 3907 deo
1378 3841 1519 3925 Sprueb-

325 3951 429 4017 leuton
451 3950 510 4014 mit
532 3950 633 4013 anau
654 3948 766 4014 Etmer
787 3948 879 4014 Wciu
901 3969 961 4014 aar
983 3949 1088 4013 Busae
1109 3947 1271 4030 omfollea.

429 4053 569 4138 Zeupea:
593 4053 644 4117 die
668 4052 764 4117 edlon
786 4052 854 4118 und
877 4052 994 4117 orbern
1017 4051 1183 4116 Leonhart
1197 4051 1392 4137 Lasperger,
1415 4051 1515 4116 Mertt

323 4158 506 4243 Pruckner,
528 4157 651 4224 Oristof
661 4157 804 4242 Rdeber,
827 4157 987 4222 Pornhart
1001 4180 1043 4221 zu
1058 4156 1208 4240 Kuffarn,
1231 4153 1396 4220 Leonhart
1410 4155 1515 4220 Kero-

324 4262 443 4348 peclrh‚
466 4261 597 4329 Johann
619 4264 770 4327 notarius.

427 4366 568 4433 Dolum:
591 4364 704 4453 (1470)
728 4388 770 4431 an
793 4365 959 4452 sambstag
981 4362 1067 4429 nach
1090 4362 1306 4448 Margarethe.

429 4506 512 4574 copie
530 4509 559 4558 in
578 4506 678 4561 cons*
696 4507 713 4557 t.
727 4508 768 4557 36.
805 4506 932 4558 Deutsch.

325 4697 407 4753 1768.
429 4701 442 4735 b
461 4700 639 4752 Uuleserlich.
