3388 5302
314 416 375 482 146

311 611 361 673 ius
394 608 438 674 ad
468 609 607 674 eundem
639 611 859 696 episcopatum
890 632 960 675 esse
990 606 1199 694 pretenderit,
1230 604 1271 669 de
1303 625 1366 691 quc
1395 610 1505 667 tamen

312 714 469 778 hactenus
493 735 667 800 numquam
691 716 838 780 constetit
861 737 922 778 nec
946 722 1093 778 constare
1115 711 1227 796 potuit,
1250 718 1282 773 et
1298 711 1324 772 si
1340 730 1404 794 qna
1419 704 1507 771 bulla
1575 744 1578 751 ·

313 829 349 883 ut
369 818 532 904 prefertur
555 829 746 903 emanasset,
770 841 844 883 cum
867 820 953 883 omni
976 820 1044 882 eius
1067 837 1219 903 processu
1242 823 1275 880 et
1296 812 1373 877 inde
1388 811 1507 876 secutis

314 922 542 1010 appellacionis
565 923 710 988 remedio
732 924 829 989 fuerit
852 932 884 988 et
898 926 939 988 sit
953 943 1136 1008 suspenssa,
1160 918 1406 1004 mirandumque
1422 923 1509 981 esset

316 1026 554 1094 ecclesiasticas
577 1050 732 1114 personas
754 1027 871 1093 talibus
893 1028 985 1112 ligari
1007 1026 1176 1092 mandatis.
1221 1027 1376 1091 Preterea
1399 1042 1507 1108 quam·

315 1154 409 1220 quam
434 1155 578 1199 summus
600 1134 748 1220 pontifex
770 1135 871 1220 possit
894 1143 1005 1199 eontra
1028 1132 1134 1217 legem
1156 1130 1342 1217 generalem
1366 1127 1508 1216 quedam

315 1236 447 1323 speciali
476 1236 633 1303 beneficio
664 1238 843 1325 indulgere,
874 1237 955 1303 illud
977 1248 1085 1303 tamen
1109 1238 1179 1301 iure
1202 1234 1393 1322 disponendi
1418 1232 1509 1297 dum·

314 1352 407 1407 taxat
427 1345 622 1428 presumitur
644 1343 753 1409 facere
776 1342 979 1409 considerata
1002 1345 1140 1407 racionis
1163 1343 1313 1429 equitate,
1338 1348 1373 1404 nt
1395 1348 1508 1403 sancta

315 1447 462 1512 Romana
491 1446 638 1531 ecclesia,
669 1469 733 1534 que
764 1457 868 1513 mater
898 1456 947 1512 est
969 1449 1105 1528 iusticie,
1128 1449 1161 1511 in
1184 1445 1270 1510 nullo
1294 1443 1445 1508 videatur
1466 1441 1509 1507 ab

315 1550 429 1615 eadem
461 1550 642 1634 dissentire,
673 1563 845 1639 eapropter
867 1574 931 1617 non
955 1561 1004 1616 est
1025 1550 1287 1639 presumendum,
1312 1552 1338 1613 si
1361 1547 1509 1613 dominus
1583 1576 1588 1583 ·

314 1665 423 1721 noster
451 1677 537 1742 papa
561 1656 674 1722 Sixtus
704 1666 849 1743 tempore
881 1659 1096 1721 concessionis
1126 1655 1211 1721 dicte
1233 1653 1319 1720 bulle
1343 1662 1375 1718 et
1397 1652 1509 1717 confir-

315 1762 469 1827 macionis
500 1759 542 1826 de
572 1760 718 1846 predicto
750 1761 908 1826 cardinali
931 1764 1046 1826 emissa
1068 1761 1182 1826 fuisset
1203 1759 1298 1846 plane
1321 1758 1510 1824 informatus

316 1865 358 1930 de
388 1875 502 1930 tenore
526 1864 685 1930 dictorum
709 1875 982 1951 comportatorum
1006 1874 1039 1930 et
1061 1876 1215 1952 quantam
1238 1866 1396 1929 iacturam
1417 1863 1509 1927 Pata·

316 1971 436 2034 riensis
467 1969 604 2034 ecclesia
634 1992 693 2056 per
722 1971 881 2056 prefatam
911 1979 1067 2035 assertam
1099 1968 1219 2034 bullam
1242 1979 1274 2033 et
1297 1968 1416 2033 dictam
1439 1989 1509 2054 pre·

317 2083 443 2139 tensam
474 2075 756 2139 confirmacionem
786 2077 967 2141 incurreret
997 2084 1029 2139 et
1058 2074 1246 2161 dampnum,
1269 2072 1356 2160 quod
1379 2071 1511 2137 easdem

318 2200 382 2243 non
411 2178 542 2244 fecisset
571 2178 625 2245 vel
652 2179 843 2245 admisisset.
891 2179 1041 2245 Summus
1065 2181 1150 2244 enim
1173 2179 1319 2265 pontifex
1341 2180 1374 2242 in
1399 2197 1511 2242 conce·

319 2282 434 2348 dendis
457 2282 631 2369 privilegiis
654 2306 712 2349 seu
733 2284 939 2350 facultatibus
963 2285 1024 2350 hoc
1047 2283 1214 2349 attendere
1239 2291 1398 2364 censetur,
1421 2289 1512 2345 ntea

319 2386 492 2473 privilegia
514 2396 638 2453 tantum
662 2411 719 2454 seu
741 2391 906 2475 rescripta,
931 2412 994 2476 que
1017 2388 1071 2454 vel
1093 2389 1134 2453 ob
1157 2387 1318 2473 religionis
1334 2385 1387 2450 vel
1403 2406 1513 2450 neces-

320 2493 423 2557 sitatis
455 2492 509 2558 vel
539 2491 675 2558 exhibiti
706 2492 851 2580 obsequii
881 2496 1024 2579 graciam
1055 2491 1212 2577 concedit,
1243 2493 1406 2558 neminem
1436 2488 1515 2555 rele-

320 2596 428 2663 vando
450 2600 494 2662 ita
516 2597 649 2663 divitem
672 2598 802 2682 faciant,
826 2598 913 2685 quod
936 2598 1071 2663 aliorum
1091 2597 1284 2663 detrimenta
1298 2619 1363 2661 non
1379 2597 1514 2660 circum·

321 2701 487 2787 spiciendo
511 2700 641 2767 eosdem
665 2705 696 2767 in
719 2705 919 2789 paupertatis
942 2705 1104 2768 miseriam
1128 2701 1269 2768 deiciant
1283 2700 1363 2766 illud
1379 2698 1515 2786 apostoli

320 2805 364 2870 ad
393 2809 582 2871 memoriam
611 2828 779 2890 revocans,
811 2806 898 2893 quod
928 2807 971 2872 ad
994 2806 1176 2873 Corinthios
1198 2805 1344 2871 scribens
1367 2806 1426 2869 ait:
1451 2824 1514 2868 non

322 2912 408 2975 enim
431 2910 589 2995 volumus,
613 2920 649 2976 ut
670 2910 740 2976 aliis
763 2914 803 2976 sit
824 2913 978 2996 remissio,
1001 2911 1093 2978 vobis
1113 2921 1221 2977 autem
1236 2909 1414 2976 tribulacio.
1438 2908 1515 2990 Qui-

321 3014 383 3081 bus
405 3036 499 3080 sacra
520 3014 575 3079 lex
598 3017 780 3102 principum
800 3016 1001 3082 concordans
1017 3016 1104 3100 dicit,
1127 3015 1214 3103 quod
1229 3017 1387 3101 rescripta
1402 3023 1514 3080 contra

322 3122 371 3184 ius
394 3119 500 3184 elicita
522 3121 565 3184 ab
588 3120 735 3186 omnibus
757 3121 918 3187 iudicibus
942 3120 1085 3187 debeant
1106 3122 1249 3205 refutari,
1273 3123 1334 3185 nisi
1356 3120 1438 3185 forte
1461 3118 1514 3184 ali·

323 3224 400 3310 quid
434 3228 627 3307 contineant,
658 3225 745 3312 quod
777 3226 913 3292 alterum
945 3249 1009 3292 non
1031 3224 1120 3291 ledat
1142 3236 1174 3291 et
1196 3227 1297 3312 prosit
1319 3227 1440 3312 petenti
1462 3223 1515 3289 vel

323 3331 445 3394 crimen
475 3329 641 3415 indulgeat
670 3329 851 3415 suplicanti,
882 3340 916 3396 et
945 3332 987 3396 ob
1017 3331 1076 3396 has
1107 3330 1238 3416 quidem
1268 3352 1321 3395 res
1345 3329 1423 3394 dicit
1445 3328 1514 3393 Leo

323 3456 408 3520 papa
432 3443 579 3520 quartus:
603 3433 676 3498 ideo
698 3437 902 3519 permittente
926 3435 1054 3500 domino
1078 3458 1229 3521 suprema
1252 3436 1358 3520 capita
1380 3436 1443 3499 siut
1461 3457 1515 3520 pa·

324 3549 425 3604 stores
452 3537 616 3603 hominum
647 3538 766 3622 effecti,
790 3548 826 3604 ut
846 3538 926 3603 illud
949 3542 1078 3605 minime
1102 3540 1274 3624 excedant,
1298 3536 1385 3626 qnod
1407 3547 1515 3623 patres

325 3645 424 3708 nostri
446 3645 515 3707 sive
537 3645 568 3707 in
593 3645 713 3707 sanctis
736 3644 914 3709 canonibus
929 3647 997 3709 sive
1012 3647 1046 3709 in
1061 3645 1210 3709 humanis
1225 3644 1351 3730 legibus
1367 3643 1514 3708 affixere.

325 3748 381 3812 Hii
412 3749 539 3830 etenim,
571 3750 625 3833 qui
654 3746 726 3813 talis
749 3748 836 3813 modi
859 3772 1014 3814 excessus
1038 3760 1148 3816 contra
1171 3758 1355 3815 sanctorum
1375 3747 1516 3814 saluber·

325 3853 407 3916 rima
436 3853 579 3916 instituta
608 3862 717 3938 egunt,
750 3875 823 3917 cum
853 3855 914 3940 ipsi
943 3853 986 3938 id,
1018 3854 1105 3941 quod
1135 3854 1382 3941 predecessores
1406 3875 1516 3918 eorum

327 3956 436 4021 divino
466 3966 656 4041 statuerunt,
688 3957 831 4022 consulto
860 3959 1016 4023 intactum
1046 3980 1110 4024 non
1140 3959 1334 4046 relinquunt.
1379 3958 1423 4022 Et
1444 3957 1517 4022 ideo

326 4062 402 4127 licet
431 4083 582 4147 suprema
612 4070 754 4148 potestas
784 4061 910 4147 legibus
940 4065 1007 4129 suis
1030 4064 1133 4130 solnta
1157 4067 1285 4149 existat,
1307 4074 1416 4129 tamen
1438 4061 1518 4127 illud

328 4165 499 4251 diligenter
528 4165 695 4232 attendere
725 4166 833 4252 debet,
864 4168 951 4254 qnod
975 4191 1072 4256 quam
1093 4170 1240 4255 preclare
1263 4171 1332 4234 iure
1355 4167 1518 4234 consultus

328 4272 381 4353 ait,
405 4269 505 4357 digna
527 4292 593 4335 vox
616 4280 665 4335 est
686 4273 852 4336 maiestate
874 4275 1040 4358 regnantis
1060 4273 1187 4359 legibus
1203 4275 1369 4360 alligatum
1385 4295 1419 4338 se
1435 4274 1518 4359 prin-

328 4378 433 4461 cipem
463 4375 614 4461 profiteri.
659 4375 744 4440 Nam
775 4398 850 4441 cnm
877 4375 920 4441 ab
949 4379 1156 4464 omnipotenti
1180 4378 1241 4443 deo
1264 4377 1306 4443 de
1329 4380 1519 4443 auctoritate

327 4482 404 4545 iuris
435 4481 607 4545 auotoritas
637 4481 789 4566 principis
820 4479 1012 4568 dependeat,
1036 4493 1113 4548 tunc
1135 4484 1238 4548 mains
1262 4492 1310 4548 est
1331 4482 1520 4548 submittere

327 4584 453 4672 legibus
484 4586 698 4671 principatum
728 4606 824 4670 quam
856 4585 943 4670 leges
971 4588 1163 4673 principatui
1186 4590 1255 4652 sive
1277 4589 1421 4674 imperio,
1445 4588 1521 4673 quia

330 4690 467 4755 diceret:
490 4691 592 4755 maior
614 4689 716 4753 honor
738 4698 797 4771 est,
820 4691 922 4754 maior
944 4694 1177 4774 convenientia,
1202 4713 1276 4756 cum
1295 4692 1465 4779 imperinm
1482 4692 1522 4755 sit
