3364 5300
1280 411 1339 476 191

145 610 265 685 rentes,
296 600 374 688 quid
402 603 437 666 in
466 601 565 666 rebus
596 610 662 667 tam
683 602 782 667 variis
804 623 904 688 agere
926 601 1025 667 ubive
1048 611 1251 670 sacramenta
1273 627 1343 690 per·

146 711 255 795 cipere
286 707 450 773 decerent.
495 707 619 773 Verum
647 729 718 772 rem
748 706 888 773 diffinire
918 707 1064 773 nolentes
1092 708 1212 774 nullam
1235 720 1343 776 tamen

146 822 272 899 partem
304 812 479 877 iustificare
512 833 574 876 nec
605 811 783 898 dampnare
812 812 958 878 volentes
988 815 1137 879 tutiorem
1167 817 1255 880 viam
1284 837 1342 902 pro

146 920 210 982 suis
242 916 438 982 meticulosis
461 917 672 981 conscienciis
696 915 855 1002 degerunt
878 926 910 982 et
932 919 1034 983 secuti
1057 926 1132 984 sunt
1153 942 1193 985 ac
1215 918 1343 1007 plurimi

146 1044 258 1088 eorum
280 1020 340 1087 sub
364 1043 422 1108 spe
446 1020 618 1086 concordie
633 1020 742 1086 fiende
758 1044 779 1087 a
793 1024 1010 1108 percepcione
1025 1027 1220 1089 sacramenti
1236 1024 1343 1090 ewka-

146 1129 233 1193 ristie
256 1129 290 1192 in
311 1126 498 1193 hesternum
522 1126 609 1191 diem
632 1136 782 1192 sanctum
803 1126 1031 1213 penthecostes
1055 1128 1157 1211 (Just
1171 1130 1230 1212 10)
1246 1129 1342 1195 distu-

145 1233 260 1296 lerunt.
305 1230 377 1295 Nec
406 1230 486 1296 illud
512 1231 649 1297 multum
672 1230 792 1316 reffert,
817 1253 891 1297 oum
914 1240 947 1297 et
967 1232 1022 1297 hic
1044 1242 1077 1298 et
1098 1234 1132 1297 in
1153 1233 1342 1299 Mauttsrnn

147 1359 225 1401 cura
252 1337 432 1401 animarum
454 1337 544 1422 apud
566 1358 624 1402 nos
647 1338 775 1420 existat,
798 1337 843 1402 ita
864 1339 973 1424 itaque
996 1358 1060 1402 non
1082 1337 1256 1404 refutanda
1277 1340 1341 1423 via,

146 1463 220 1507 cum
250 1442 471 1528 unusquisque
502 1464 559 1507 sue
586 1443 676 1508 timet
699 1443 911 1525 consciencie,
936 1463 1034 1529 quam
1056 1441 1188 1529 indigne
1212 1443 1343 1509 sceleris

146 1568 203 1611 seu
234 1545 329 1632 culpe
358 1546 429 1612 loco
457 1548 586 1633 ponitur
616 1557 649 1612 et
678 1556 714 1611 ut
736 1569 780 1611 ex
803 1546 916 1612 ordine
938 1549 1054 1613 vestris
1076 1547 1190 1614 litteris
1212 1571 1341 1635 respon-

147 1649 291 1734 deamus,
322 1650 384 1715 hec
414 1653 522 1716 omnia
548 1672 606 1738 pro
636 1652 780 1716 maxima
809 1661 903 1737 parte
926 1650 991 1717 huc
1013 1651 1160 1717 tendunt.
1207 1652 1341 1719 Fuimus

146 1756 303 1842 superiori
332 1764 477 1842 tempore
509 1754 550 1820 de
581 1777 693 1821 mense
723 1755 909 1821 novembris
938 1758 972 1820 in
995 1758 1061 1821 vim
1084 1756 1246 1822 bullarum
1268 1780 1342 1844 epo·

146 1859 331 1925 stolicarum
361 1861 607 1925 monitorialium
636 1870 668 1925 et
690 1861 855 1947 penalium
877 1883 937 1947 per
959 1861 1266 1928 reverendissimum
1289 1863 1342 1928 do·

145 1966 268 2030 minum
291 1962 489 2030 cardinalem
511 1963 673 2051 prefatum
695 1966 728 2030 in
751 1964 843 2030 Stain
865 1966 1021 2053 requisiti,
1046 1976 1205 2054 quatenus
1228 1966 1288 2032 sibi
1307 1978 1344 2033 ut

147 2091 224 2135 vero
247 2080 279 2134 et
300 2068 454 2154 legittimo
477 2068 539 2134 loci
561 2068 722 2135 ordinario
744 2079 963 2156 prestaremus
987 2071 1211 2137 obedienciam
1225 2074 1342 2158 ipsum·

147 2195 209 2260 que
232 2194 291 2261 pro
313 2173 369 2239 tali
391 2195 707 2260 recognosceremus.
750 2174 839 2240 Nihil
861 2175 1004 2261 profecto
1027 2177 1060 2240 in
1083 2175 1126 2241 ha
1148 2198 1184 2241 re
1208 2199 1228 2241 a
1250 2176 1343 2242 nobis

146 2300 363 2366 responssum,
384 2278 463 2344 nihil
486 2278 626 2367 denique
648 2290 767 2366 actum,
791 2282 852 2345 nisi
874 2280 968 2365 longo
989 2282 1078 2367 prius
1093 2280 1343 2367 premeditatum

147 2407 189 2449 ex
218 2393 345 2450 maturo
376 2407 415 2450 ac
446 2383 623 2450 deliberato
651 2384 781 2450 consilio
803 2387 1023 2472 processisset.
1070 2385 1153 2452 Cum
1176 2389 1261 2451 enim
1283 2408 1342 2473 pro

148 2489 384 2555 deliberacione
415 2490 577 2576 captanda
606 2499 713 2556 certus
743 2490 836 2555 nobis
867 2501 953 2556 esset
979 2493 1162 2577 assignatus
1184 2494 1341 2557 terminus

147 2607 300 2682 tempore,
335 2604 420 2681 qne·
453 2596 644 2661 intermedio
677 2597 782 2682 ipsum
816 2597 985 2681 negocium
1019 2595 1107 2683 apud
1141 2595 1340 2681 imperialem

148 2700 369 2766 celsitudinem
402 2699 538 2787 produci
571 2710 603 2766 et
633 2699 795 2765 sollicitari
816 2700 1008 2786 feceramus,
1039 2701 1132 2767 nobis
1155 2710 1187 2766 et
1209 2701 1340 2788 reliquis

147 2804 307 2871 nonnullis
330 2804 472 2892 prelatis,
495 2826 575 2891 quos
599 2805 762 2870 consimile
785 2805 941 2891 tangebat
963 2809 1142 2893 negocium,
1166 2805 1340 2871 abeodem

82 2956 86 2965 ·
147 2933 204 2976 sua
234 2908 425 2975 celsitudine
454 2910 528 2974 vive
557 2911 645 2974 vocis
668 2907 805 2973 articulo
828 2912 1032 2976 commissum
1057 2919 1134 2995 erat,
1157 2933 1199 2976 ne
1223 2910 1264 2975 de
1287 2911 1340 2975 ali·

148 3039 210 3103 qua
239 3017 388 3102 parcium
418 3015 478 3080 iste
508 3016 581 3079 vice
605 3013 816 3100 quovismodo
839 3036 897 3080 nos
921 3037 1165 3102 occuparemus,
1187 3017 1249 3080 nisi
1270 3037 1340 3101 spe-

148 3121 269 3186 cialiter
299 3119 341 3185 ab
372 3141 410 3184 eo
440 3105 562 3206 aliquid
589 3121 807 3206 reciperemus
830 3121 863 3183 in
886 3118 1056 3186 mandatis.
1087 3121 1247 3206 Tempore
1270 3142 1340 3205 pro

147 3226 283 3292 cedente
307 3227 487 3312 comparuit
501 3225 664 3311 inopinate
680 3223 784 3289 dictus
801 3223 949 3290 dominus
964 3224 1137 3291 cardinalis
1152 3227 1186 3291 in
1201 3223 1340 3310 Mellico,

145 3331 200 3397 ubi
230 3353 290 3417 pro
320 3329 553 3396 benediccione
583 3329 711 3395 abbatis
741 3329 888 3395 eiusdem
916 3329 978 3395 loci
1008 3330 1190 3417 complures
1224 3329 1340 3417 prelati

146 3446 374 3502 convenerant.
419 3434 489 3500 Hos
519 3458 585 3500 una
614 3434 783 3500 nobiscum
813 3434 856 3499 ad
878 3456 913 3500 se
935 3436 1076 3520 vocavit,
1097 3434 1221 3500 litteras
1243 3437 1342 3521 impe·

145 3542 241 3607 riales
270 3562 329 3628 pro
360 3539 553 3605 obediencie
581 3539 758 3627 prestanda
787 3538 955 3626 generales
986 3543 1125 3627 primum
1155 3540 1199 3605 sd
1230 3562 1340 3605 omnes

146 3647 285 3733 prelatos
314 3644 380 3731 legi
410 3645 495 3729 fecit,
524 3643 643 3710 deinde
665 3647 697 3710 in
721 3643 853 3731 speciali
874 3644 1035 3711 mandatis
1058 3647 1198 3710 cesareis
1220 3645 1341 3709 unicui·

146 3774 208 3837 que
231 3751 424 3838 presentatis
447 3771 486 3814 ac
510 3750 650 3836 desuper
671 3748 767 3815 bullis
790 3748 970 3836 apostolicis
994 3749 1158 3836 productis
1173 3773 1236 3815 nec
1251 3771 1341 3815 mora

145 3879 207 3921 nec
238 3857 376 3942 requies,
405 3877 463 3921 nos
487 3876 597 3920 omnes
621 3863 653 3920 et
675 3853 818 3941 singulos
840 3856 1009 3941 requisivit
1030 3877 1069 3920 ac
1092 3856 1201 3940 movit,
1225 3864 1261 3919 ut
1283 3855 1340 3919 eis-

147 3960 221 4027 dem
249 3970 317 4026 tam
344 3959 526 4047 apostolicis
550 3982 647 4047 quam
668 3959 888 4045 imperialibus
911 3962 1037 4047 scriptis
1060 3982 1256 4047 pareremus.
1302 3960 1342 4024 In

146 4076 234 4132 tanto
257 4067 354 4151 igitur
377 4067 576 4130 necessitatis
600 4065 734 4130 articulo
757 4063 954 4151 aliquamdiu
979 4064 1160 4131 dubitatum
1180 4074 1239 4148 est,
1263 4065 1340 4151 qnid

147 4170 187 4235 de
217 4169 312 4235 nobis
342 4170 486 4235 futurum
516 4178 610 4234 esset.
655 4169 754 4235 Venit
782 4171 815 4235 in
846 4178 987 4236 mentem
1017 4193 1060 4235 ex
1089 4193 1154 4236 non
1176 4171 1340 4256 paricione

146 4275 224 4340 nihil
252 4273 340 4356 aliud
362 4276 423 4339 nisi
446 4283 626 4339 extremam
648 4277 914 4340 monasteriorum
938 4278 1157 4341 everssionem
1179 4276 1340 4340 verosimi-

147 4379 217 4447 liter
248 4382 339 4466 sequi
370 4402 465 4467 posse
491 4379 633 4466 nihilque
655 4383 787 4467 gravius
810 4381 980 4466 presertim
1003 4379 1094 4445 nobis
1117 4389 1212 4463 esset,
1244 4402 1340 4465 quam

149 4484 229 4552 duos
258 4494 365 4550 tantos
395 4486 557 4572 principes
587 4486 682 4551 unius
713 4487 810 4551 animi
840 4493 873 4550 et
903 4485 1074 4551 voluntatis
1104 4507 1163 4572 pro
1196 4483 1340 4549 hostibus

150 4711 230 4770 rtet.
251 4726 264 4749 ⁸
282 4718 347 4766 statt
364 4729 420 4779 pao.
