3364 5300
325 388 383 450 194

423 581 507 647 Copia
525 583 554 631 iu
572 581 671 632 Cous*
689 581 706 630 f.
724 584 779 631 109.

422 684 567 751 Salutem
590 694 649 750 etc.
696 684 900 749 Venerabilis
924 684 1051 750 domine
1074 686 1213 753 decane!
1258 689 1399 754 Litteras
1421 711 1512 754 reve·

319 791 500 856 rendissimi
530 793 562 854 in
592 789 719 856 Christo
750 792 849 876 patris
879 800 911 855 et
941 790 1070 875 domini,
1103 791 1222 857 domini
1246 792 1406 879 G(eorgii)
1429 794 1511 859 tituli

319 904 431 962 sancte
452 896 554 959 Lucie
577 897 610 959 in
626 895 722 960 Silicc
738 895 921 982 presbyteri
937 895 1120 979 cardinalia,
1143 900 1285 983 episcopi
1300 898 1511 983 Pataviensis,

319 1004 487 1067 occasione
519 1001 678 1064 caritativi
708 999 842 1064 subsidii
866 1023 1006 1065 unacum
1031 1003 1169 1066 cesareis
1192 1002 1338 1088 apicibus
1361 1025 1419 1088 per
1442 1025 1511 1069 cur-

319 1130 424 1173 sorem
458 1114 601 1169 vestrum
634 1127 739 1190 nuper
768 1126 846 1168 sane
877 1108 1091 1191 percepimus,
1122 1106 1178 1171 ubi
1209 1116 1241 1170 et
1269 1106 1373 1172 littere
1403 1118 1511 1172 vestre

319 1212 411 1278 uobis
441 1212 601 1295 assignate
629 1208 767 1274 fuerunt.
814 1209 938 1274 Verum
961 1213 1037 1295 quia
1060 1210 1345 1293 consideravimus,
1369 1211 1456 1297 qnod
1478 1214 1512 1276 in

319 1318 379 1382 hiis
410 1313 691 1381 molestacionihus
723 1324 753 1377 et
784 1312 937 1379 bellorum
963 1314 1145 1379 turbinibus
1168 1315 1209 1380 ob
1233 1315 1389 1380 notabiles
1412 1319 1512 1382 nostri

319 1421 504 1486 monasterii
533 1417 726 1501 indigentias
751 1419 988 1482 commissiones
1017 1428 1049 1482 et
1071 1418 1306 1504 postulaciones
1330 1419 1511 1486 huiusmodi

318 1525 381 1590 hac
410 1527 484 1589 vice
514 1521 602 1608 apud
631 1543 689 1586 nos
721 1521 807 1586 nullo
830 1531 925 1607 pacto
947 1522 1053 1587 locum
1076 1523 1197 1589 habere
1221 1533 1361 1610 possent,
1383 1527 1512 1590 seviunt

319 1634 405 1697 enim
427 1629 512 1695 bella
535 1638 567 1692 et
589 1626 775 1692 hostilitates
798 1626 940 1713 undique
964 1651 1118 1714 perperes
1142 1639 1173 1692 et
1189 1629 1292 1693 coloni
1307 1632 1407 1694 nostri
1422 1639 1511 1715 quot-

319 1736 447 1801 tidianis
481 1733 639 1817 angariati
673 1731 837 1797 laboribus
871 1734 903 1796 in
938 1732 1006 1797 dies
1041 1732 1244 1798 nihilominus
1281 1732 1511 1819 depredantur,

319 1850 462 1905 nostrum
491 1838 630 1923 denique
657 1840 886 1901 monasterium
917 1837 1043 1902 malicia
1073 1848 1253 1924 temporum
1287 1848 1319 1902 et
1352 1840 1510 1903 continuis

319 1942 545 2010 hostilitatibus
574 1944 620 2006 ita
650 1940 843 2006 exhaustum
871 1952 929 2023 est,
953 1952 988 2006 ut
1011 1942 1103 2007 nohis
1126 1941 1169 2006 ad
1191 1941 1374 2007 huiusmodi
1398 1946 1510 2008 contri·

319 2050 490 2115 bucionem
511 2046 573 2110 hoc
596 2055 740 2132 tempore
763 2045 849 2110 nulla
877 2068 1006 2130 prorsus
1029 2056 1178 2133 suppetat
1200 2047 1346 2112 facultas.
1385 2047 1510 2112 Horum

319 2158 427 2239 itaque
457 2159 609 2238 pretextu
640 2148 814 2236 quemdam
845 2172 887 2214 ex
917 2153 1031 2215 nostris
1055 2151 1264 2217 familiaribus
1287 2154 1320 2216 in
1343 2154 1408 2217 vim
1431 2152 1510 2217 litte·

318 2282 427 2326 rarum
459 2255 630 2321 credencie
661 2254 704 2319 ad
733 2255 894 2340 prefatum
926 2255 1089 2321 dominum
1116 2265 1261 2323 nostrum
1284 2258 1510 2324 reverendissi-

316 2387 404 2429 mum
434 2362 547 2448 paucis
577 2368 648 2445 post
678 2358 795 2424 diebus
825 2361 1059 2424 transmisimus
1089 2360 1131 2424 ad
1159 2360 1397 2427 informandam
1419 2385 1510 2429 suam

316 2492 342 2534 r.
366 2490 397 2554 p.
423 2467 463 2531 de
494 2463 677 2530 huiusmodi
708 2466 807 2528 nostri
837 2466 1021 2528 monasterii
1053 2476 1137 2529 statu
1165 2475 1197 2530 et
1219 2466 1456 2531 calamitatibus
1478 2480 1510 2533 et

317 2570 503 2659 petendum,
533 2579 569 2634 ut
596 2591 654 2634 sua
677 2591 702 2632 r.
720 2590 750 2653 p.
775 2570 807 2632 in
830 2567 973 2633 medium
996 2569 1186 2653 consuleret,
1209 2593 1251 2634 ne
1273 2573 1380 2656 ipsum
1403 2595 1509 2636 mona·

317 2679 448 2742 sterium
478 2672 609 2739 tandem
633 2682 778 2736 extreme
802 2672 985 2736 subiaceret
1007 2675 1099 2738 ruine
1123 2696 1161 2738 ac
1184 2676 1255 2759 ipsa
1276 2675 1433 2759 regularis
1457 2675 1508 2740 oh-

317 2781 496 2861 scrvancia,
528 2799 591 2863 quc
622 2775 683 2840 deo
714 2778 848 2861 propitio
879 2776 931 2840 hic
962 2776 1134 2862 plurimum
1163 2780 1259 2864 viget,
1285 2778 1507 2845 collaberetur.

318 2885 475 2965 Quamvis
502 2880 699 2967 procedente
722 2892 866 2967 tempore
889 2882 1059 2967 pacificata
1081 2884 1145 2947 iam
1168 2886 1271 2968 patria
1294 2905 1333 2947 ac
1356 2883 1454 2949 rebus
1476 2887 1509 2949 in

317 2990 430 3055 melius
461 2986 602 3052 reductis
626 2988 729 3071 parati
753 3007 896 3050 essemus
918 3008 1059 3051 unacum
1082 2991 1197 3051 ceteris
1221 2986 1356 3052 dominis
1379 2989 1509 3074 prelatis

317 3115 509 3159 concurrere
539 3094 572 3155 in
603 3089 761 3173 omuibus,
793 3112 855 3176 quc
884 3090 925 3154 dc
955 3093 1059 3154 veteri
1086 3101 1118 3155 et
1140 3091 1319 3178 approbata
1342 3108 1508 3158 cousuetu-

317 3199 391 3264 dine
421 3200 453 3263 in
482 3196 542 3261 hiis
571 3195 743 3260 observata
764 3194 904 3277 fuerunt,
928 3217 966 3259 ac
989 3195 1122 3260 tandem
1144 3195 1281 3260 libenter
1305 3197 1509 3263 contribuere

317 3306 407 3368 iuxta
439 3299 608 3366 facultates
638 3308 671 3363 et
701 3298 945 3384 possibilitatem
974 3308 1126 3383 nostram,
1158 3302 1212 3386 qui
1243 3300 1375 3386 quidem
1401 3312 1510 3367 noster

317 3407 481 3472 familiaris
510 3404 641 3469 tandem
665 3426 707 3468 ex
723 3404 864 3470 Wienna
887 3403 1016 3468 rediens
1039 3403 1130 3469 nobis
1153 3404 1382 3489 rigidissimum
1405 3406 1510 3472 attulit

316 3514 471 3577 nuncium
504 3510 660 3575 refferens
694 3511 777 3575 inter
807 3518 914 3574 cetera
945 3531 1016 3573 eam
1048 3532 1118 3574 rem
1148 3518 1180 3574 et
1210 3520 1352 3576 nostram
1375 3534 1509 3577 causam

317 3615 512 3681 audiendam
542 3638 581 3680 ac
612 3613 829 3679 decidendam
860 3616 1062 3678 commissam
1089 3614 1187 3679 fuisse
1210 3615 1392 3679 reverendo
1416 3619 1509 3701 patri,

318 3721 445 3785 domino
479 3722 639 3805 preposito
674 3719 810 3784 ecclesie
843 3718 1045 3783 Pataviensis
1078 3741 1117 3783 ac
1147 3718 1278 3784 tandem
1309 3729 1381 3806 post
1409 3720 1510 3786 multa

317 3824 470 3889 hincinde
501 3824 659 3910 colloquia
689 3834 722 3889 et
751 3823 964 3910 allegaciones
993 3834 1175 3889 nostrarum
1198 3827 1425 3891 necessitatum
1447 3826 1509 3890 hoc

318 3951 488 4014 responsso
512 3950 547 3993 se
578 3951 649 3993 esse
679 3928 862 3994 absolutum
892 3938 1043 4015 presente
1073 3928 1195 3993 ibidem
1225 3931 1340 4014 insigni
1364 3932 1432 3994 viro
1456 3929 1509 3994 do·

318 4035 403 4098 mino
427 4032 592 4098 cellerario
614 4032 713 4097 milite
729 4032 928 4115 Preisacher,
953 4043 1111 4118 quatenus
1134 4056 1191 4097 nos
1214 4055 1272 4120 pro
1289 4033 1509 4099 conformitate

319 4139 531 4224 imposicionis
565 4140 684 4202 veteris
718 4147 842 4201 nostras
876 4140 908 4201 in
943 4137 1096 4201 consimili
1129 4159 1227 4202 causa
1257 4136 1509 4224 produceremus

319 4245 526 4328 quietancias,
559 4240 698 4328 alioquin
730 4253 872 4305 nostram
895 4265 1054 4307 summam
1078 4263 1148 4306 esse
1171 4251 1322 4329 respectu
1344 4245 1509 4328 utriusque

319 4358 496 4412 conventus
519 4347 653 4412 fratrum
678 4356 710 4411 et
732 4369 878 4411 sororum
902 4346 964 4411 duo
987 4346 1074 4413 milia
1096 4346 1292 4425 florenorum
1316 4357 1347 4411 et
1362 4350 1509 4433 quamvis

319 4474 445 4518 rursum
471 4451 631 4517 obiectum
654 4462 740 4517 esset
762 4453 989 4516 monasterium
1012 4474 1157 4516 sororum
1180 4451 1283 4516 nullos
1307 4453 1433 4537 penitus
1456 4451 1509 4516 ha·

319 4558 397 4623 bere
419 4556 564 4622 redditus
586 4559 753 4644 speciales,
778 4582 797 4621 a
820 4556 936 4643 quihus
959 4555 1078 4642 aliquid
1103 4556 1306 4620 contribuere
1328 4566 1509 4639 teneantur,

319 4666 502 4728 viveremus
515 4664 687 4727 etenimex
698 4684 762 4727 uno
772 4661 897 4746 horreo,
908 4685 974 4725 una
986 4663 1125 4747 coquina
1134 4684 1174 4725 ac
1185 4683 1248 4725 uno
1262 4662 1435 4746 cellerari0,
1448 4660 1509 4726 hec
