3406 5300
337 413 403 480 304

335 607 472 673 warbait
494 606 619 671 erlerne
642 605 710 673 und
732 607 836 672 firrter
858 608 944 673 nech
966 607 1104 694 gelegen
1128 607 1187 672 der
1209 608 1330 672 cuchen
1354 606 1470 673 derinn
1493 631 1532 672 ze

337 711 479 778 hendeln
508 714 634 777 wissen.
680 712 776 778 Hoffe
806 712 896 796 eber,
927 712 997 777 sich
1029 712 1137 777 werde
1168 712 1283 778 dsrinn
1313 711 1444 797 vinden,
1473 712 1533 778 des

335 817 388 883 ich
411 820 469 882 mit
490 816 621 883 keinem
643 816 765 903 grundt
786 820 820 882 in
843 840 869 882 e.
894 841 925 902 g.
949 816 1092 904 gepildet
1114 840 1182 904 sey,
1213 817 1339 883 hierinn
1362 817 1436 883 well
1454 841 1482 883 e.
1498 840 1531 903 g.

337 921 396 986 des
419 944 489 987 srm
511 922 667 1006 gotzheus
690 945 750 987 vor
772 944 931 988 mererem
954 922 1110 1006 schadcn,
1133 921 1246 987 darein
1261 945 1337 988 men
1353 921 1412 988 das
1428 922 1532 987 durch

337 1026 382 1114 dy
414 1026 582 1112 handlung
612 1049 650 1091 ne
679 1025 777 1091 laitcn
809 1026 1007 1110 understeet,
1031 1026 1200 1092 verhieten
1222 1027 1290 1092 und
1313 1025 1372 1091 der
1394 1026 1534 1113 pilliksit

336 1131 430 1215 nach,
455 1131 555 1197 demit
577 1131 623 1218 dy
646 1131 782 1197 werhsit
804 1155 846 1197 sn
869 1140 926 1217 teg
948 1131 1037 1198 kum.
1069 1131 1206 1216 Durum,
1230 1130 1289 1196 dss
1312 1131 1416 1197 durch
1431 1131 1533 1197 solich

336 1235 474 1301 verhbre
505 1235 690 1302 beschehen
719 1259 804 1322 meg,
833 1258 910 1322 mag
938 1259 965 1302 e.
990 1260 1021 1322 g.
1047 1236 1161 1301 dsrinn
1185 1235 1374 1320 verbelffen‚
1399 1236 1456 1303 das
1480 1238 1533 1302 wil

335 1341 389 1405 ich
418 1340 582 1405 mitssmbt
611 1342 751 1406 meinem
782 1351 922 1407 convent
950 1344 1009 1407 mit
1036 1341 1264 1426 sndechtigem
1293 1350 1405 1428 gepett
1426 1364 1532 1427 gegen

336 1455 391 1530 got
419 1446 498 1511 umb
531 1468 560 1511 e.
584 1469 616 1532 g.
640 1446 828 1531 verdienen,
860 1447 919 1512 der
946 1447 998 1512 ich
1021 1446 1108 1512 mich
1130 1447 1243 1512 hiemit
1264 1446 1395 1512 bevilch
1417 1470 1455 1512 ze
1478 1446 1533 1512 be

338 1550 499 1616 dencksn.

440 1655 668 1738 Gehommer,
692 1656 826 1741 williger
848 1656 989 1723 Mstbiss
1012 1656 1070 1723 ebt
1091 1679 1165 1722 num
1189 1656 1352 1741 Kbttwey.

380 1901 479 1970 2141.
1155 1909 1238 1967 uec
1254 1909 1421 1968 November
1436 1908 1486 1966 16.

452 2077 653 2144 Bruetctuct
674 2078 759 2144 eines
780 2077 973 2145 Prototottes
994 2076 1071 2144 ther
1092 2078 1145 2144 cin
1168 2077 1415 2161 Zeupesvcrlsi’r.

440 2254 530 2316 Cone,
548 2256 626 2322 Perg.
656 2256 712 2306 Dss
730 2261 800 2307 srsts
818 2256 892 2306 Blstt
909 2257 944 2307 ist
961 2255 1189 2319 durchschnitten,
1208 2255 1255 2307 des
1273 2258 1366 2309 Gsnse
1383 2255 1475 2306 cliente
1492 2255 1535 2306 uls

335 2341 484 2395 Dsckblstt
501 2345 530 2394 in
549 2345 636 2395 einem
655 2343 781 2395 Ms-God.

445 2502 594 2567 Promisit
626 2501 692 2567 fide
726 2500 803 2566 dats
837 2523 871 2566 se
905 2500 983 2566 nulli
1015 2500 1159 2588 pandere
1192 2522 1294 2587 usque
1328 2499 1370 2565 ud
1401 2499 1535 2565 decisie

342 2628 417 2673 nem
439 2607 510 2673 litis.

445 2713 573 2777 Tertius
606 2714 711 2778 testis:
754 2713 836 2780 Item
870 2712 985 2778 eodem
1019 2711 1072 2776 dis
1103 2711 1250 2777 dominus
1279 2709 1440 2775 Iohannes
1472 2709 1534 2774 Fe·

341 2816 509 2882 schsnkch
540 2816 598 2882 des
628 2817 832 2903 Mistslbuch,
863 2817 1036 2903 presbyter
1065 2817 1266 2882 Psteviensis
1296 2815 1442 2898 diocesis,
1473 2837 1533 2901 prc

340 2944 427 2986 nunc
449 2926 554 2987 socius
576 2924 610 2987 in
632 2921 800 3007 Mbsbrbn,
827 2926 1041 3008 interrogatus
1064 2921 1108 2987 sd
1129 2924 1268 3007 primum
1290 2919 1462 2986 articulum
1484 2943 1533 2984 re·

340 3027 478 3113 spondit,
502 3027 605 3092 credit
627 3050 703 3093 eum
723 3027 822 3094 fuisse
844 3031 967 3094 socium
989 3030 1022 3093 in
1045 3027 1280 3110 Nouaciuitste,
1304 3028 1380 3113 quis
1402 3024 1463 3091 fuit
1485 3047 1533 3089 se

340 3155 414 3197 cum
447 3134 480 3197 in
515 3134 605 3198 curis
635 3132 774 3198 doctoris
805 3143 837 3199 et
866 3134 948 3198 vidit
977 3155 1052 3198 eum
1083 3131 1301 3197 celebrantem
1329 3133 1362 3195 in
1393 3130 1533 3195 ecclesis

338 3259 428 3302 more
450 3238 537 3303 sccii.

443 3342 497 3407 Ad
526 3342 708 3408 secundum
735 3342 838 3408 credit
865 3365 939 3408 eum
961 3341 1167 3408 laudabiliter
1189 3351 1221 3407 et
1243 3342 1376 3407 honeste
1398 3342 1531 3406 vixisse.

441 3448 662 3534 Interrogatus
692 3446 735 3512 sd
764 3448 900 3512 tercium
931 3447 1096 3513 videlicet:
1128 3446 1215 3533 quod
1243 3448 1278 3511 in
1304 3446 1531 3512 Nouaciuitste

341 3552 435 3617 duxit
456 3555 557 3618 vitem
580 3563 711 3637 castam,
735 3551 900 3638 respondit
922 3575 956 3617 se
980 3551 1078 3618 nichil
1100 3551 1221 3617 vidisse
1244 3560 1277 3617 et
1299 3551 1411 3617 credit.

441 3658 524 3723 Item
554 3657 597 3722 ed
628 3667 779 3745 quartum
808 3657 886 3724 dicit
912 3680 947 3723 se
970 3657 1070 3723 nichil
1093 3659 1186 3742 scire,
1209 3656 1268 3721 sed
1291 3655 1394 3721 credit
1417 3678 1460 3722 ex
1483 3680 1530 3722 re-

339 3763 499 3828 relscione
522 3761 666 3829 aliorum.

444 3867 527 3932 Item
549 3866 591 3932 ed
615 3869 762 3954 quintum
785 3866 863 3932 dicit
884 3866 1048 3932 videlicet:
1073 3867 1129 3953 qui
1148 3867 1262 3952 incipit
1276 3864 1318 3930 de
1333 3865 1416 3931 XVI
1429 3864 1531 3951 libris,

337 3993 401 4037 non
430 3971 543 4055 credit,
574 3972 633 4037 sed
662 3982 772 4037 temen
801 3981 838 4036 ut
864 3971 966 4037 credit
998 3971 1165 4037 habuisset
1197 3969 1328 4057 aliquid.
1373 3971 1456 4035 Item
1490 3970 1533 4035 de

337 4080 488 4162 expensis
510 4077 708 4142 transeundo
732 4087 764 4141 ct
785 4075 953 4142 redeundo
977 4075 1137 4162 Sslzburg
1160 4075 1238 4142 dicit
1260 4075 1320 4140 sibi
1344 4075 1442 4140 nichil
1458 4098 1531 4141 con-

336 4193 432 4266 stare,
455 4182 515 4247 sed
537 4192 644 4248 tamen
667 4204 732 4247 non
755 4191 804 4248 est
825 4181 1008 4266 verisimile,
1032 4184 1109 4268 quin
1131 4181 1239 4268 alique
1262 4202 1408 4267 expensa
1422 4180 1529 4265 fuerit,

335 4286 394 4351 sed
417 4309 576 4353 summam
597 4290 732 4373 ignorat.

438 4392 523 4457 Item
557 4391 598 4457 de
631 4391 718 4457 fame
747 4391 913 4478 respondit
943 4390 1004 4456 sibi
1034 4391 1132 4455 nichil
1163 4400 1321 4472 constare,
1351 4389 1411 4455 sed
1443 4389 1529 4477 qued

336 4496 475 4562 audierit
496 4520 571 4562 eum
594 4496 662 4563 fore
684 4496 832 4584 probum.

439 4602 521 4667 Item
552 4601 595 4666 ad
625 4602 811 4668 articulum:
843 4600 930 4688 quod
956 4601 1000 4666 sb
1022 4600 1154 4666 infamis
1177 4610 1250 4685 etc,
1281 4600 1359 4666 dicit
1382 4622 1456 4666 eum
1480 4622 1529 4666 cc·

334 4708 485 4793 gnevisse
509 4732 528 4772 a
550 4708 667 4772 XVIII
689 4710 781 4772 annis
803 4728 906 4793 usque
930 4705 1024 4771 hodie
1048 4715 1080 4771 et
1103 4705 1214 4771 credit,
