3406 5300
1315 431 1379 496 349

186 620 324 687 vinciale
353 620 601 688 terminandum.
647 622 754 688 Finita
777 643 877 688 causa
898 620 1051 689 nullitatis
1075 645 1162 709 casu,
1186 646 1250 711 quo
1272 624 1381 711 aliqua

186 726 326 791 ferretur
355 728 521 791 sentencia
551 729 647 792 etiam
670 727 913 814 qualiscumque
936 738 969 792 et
990 749 1049 814 pro
1072 750 1265 816 quacunque
1286 737 1380 816 parte

188 839 221 896 et
249 829 291 895 ab
323 830 439 896 eadem
469 830 683 917 appellatione
713 833 857 897 mittatur
879 834 912 897 in
935 834 1111 898 continenti
1132 834 1379 899 instrumentum

187 934 416 1021 appellationis
439 935 482 1001 ad
505 957 567 1001 me.
599 935 634 1001 si
656 935 753 1002 fuerit
775 939 874 1022 partis
890 936 1038 1023 adverse,
1062 937 1179 1003 faciam
1195 941 1380 1005 universam

187 1039 370 1105 huiusmodi
400 1039 654 1127 appellacionem
685 1062 760 1106 cum
790 1050 856 1107 toto
883 1043 1017 1129 negocio
1043 1045 1077 1108 in
1099 1052 1203 1108 rotam
1226 1045 1381 1109 committi

188 1155 220 1210 et
251 1146 375 1210 mittam
406 1144 635 1212 inhibitionem
664 1144 707 1210 ad
737 1155 854 1232 partes.
901 1146 935 1212 Si
965 1168 1009 1213 ex
1035 1155 1127 1233 parte
1154 1156 1264 1214 nostra
1286 1151 1381 1214 inter·

186 1250 271 1313 iecta
294 1249 390 1314 fuerit
413 1249 520 1337 aliqua
543 1249 734 1337 appellacio,
758 1254 975 1317 committetur
996 1250 1157 1317 iudicibus
1179 1255 1212 1317 in
1234 1253 1380 1340 partibus

187 1352 281 1419 nohis
303 1353 499 1419 faventibus.
522 1353 595 1420 Hoc
618 1356 746 1421 omnino
768 1358 946 1442 paternitas
968 1380 998 1422 v.
1016 1378 1041 1421 r.
1059 1359 1211 1423 memorie
1227 1357 1379 1423 servabit.

187 1458 323 1543 Causas,
346 1481 447 1546 quare
469 1458 569 1525 frater
590 1459 729 1526 Ioannes
751 1470 839 1527 tanto
862 1483 896 1527 se
919 1471 1063 1548 tempore
1083 1464 1311 1529 amonesterio
1326 1461 1381 1528 ab·

188 1571 383 1650 sentaverat,
407 1586 450 1630 ex
471 1567 541 1653 ipso
563 1575 672 1631 vestra
694 1568 871 1654 paternitas
886 1566 1069 1633 reverenda
1084 1568 1249 1655 intelliget.
1272 1569 1381 1636 Breve

188 1670 411 1756 exemptionis,
442 1668 484 1735 de
515 1692 578 1758 quo
607 1669 686 1736 alias
716 1673 823 1758 sepius
853 1674 977 1759 scripsi,
1009 1694 1068 1759 per
1095 1672 1239 1739 medium
1260 1673 1382 1741 domini

188 1773 277 1839 Petri
300 1772 342 1839 de
357 1773 529 1858 Carantza,
552 1776 743 1841 sanctissimi
766 1775 886 1841 domini
908 1778 1009 1843 nostri
1023 1800 1108 1865 pape
1124 1780 1303 1863 camerarii,
1327 1802 1381 1844 ex·

188 1877 334 1965 peditum
359 1888 391 1946 et
413 1879 580 1945 obtentum
602 1882 635 1945 in
659 1889 795 1968 captura
817 1884 984 1948 secretarii
1007 1881 1126 1948 domini
1148 1883 1382 1971 archiepiscopi

189 1981 358 2049 Cusantini
379 1983 542 2071 perditum
563 1987 623 2051 ivit
645 1994 678 2050 et
700 2008 773 2050 cum
796 1996 869 2074 post
890 1986 1007 2053 multas
1032 1986 1220 2074 diligencius
1236 1987 1277 2054 de
1292 2012 1382 2077 repe·

187 2087 301 2154 riendo
329 2087 458 2154 habitas
487 2107 573 2176 pap'a
603 2091 708 2155 sciens
738 2089 922 2157 huiusmodi
952 2094 1192 2159 concessionem
1221 2115 1282 2180 per
1307 2117 1382 2160 eum

189 2192 309 2259 factam
339 2193 485 2280 pluribus
507 2194 772 2281 promissionibus
796 2194 837 2261 de
860 2195 1070 2262 concedendo
1092 2197 1153 2263 sub
1176 2200 1284 2285 priora
1307 2197 1384 2265 data

188 2297 277 2363 aliud
310 2319 368 2364 nos
402 2298 579 2386 suspendit.
626 2298 774 2365 Tandem
808 2302 927 2385 nescio,
963 2301 1081 2388 quihus
1110 2303 1262 2389 auspiciis
1291 2304 1383 2370 litere

189 2404 278 2489 regie
301 2404 476 2468 maiestatis
499 2425 616 2490 papam
639 2406 845 2492 increpantes
868 2406 909 2471 de
932 2416 1006 2471 ante
1031 2404 1106 2472 data
1128 2418 1385 2495 supervenerunt

191 2508 443 2595 effeceruntque,
467 2518 502 2574 ut
524 2508 566 2573 de
589 2518 696 2575 cetero
719 2511 806 2578 nulla
829 2510 924 2576 detur
946 2519 1021 2576 ante
1045 2510 1130 2596 data,
1154 2514 1265 2599 sicque
1281 2515 1383 2578 coacti

190 2635 302 2678 sumus
331 2614 478 2699 recipere
510 2614 621 2679 datum
651 2624 729 2681 tunc
760 2626 954 2701 currentem,
982 2626 1077 2704 prout
1100 2620 1203 2684 estin
1226 2618 1384 2704 supplica·

191 2720 283 2783 cione
306 2720 536 2805 exempcionis.
563 2720 627 2784 Pro
651 2723 885 2806 composicione
909 2721 1065 2809 compulsi
1088 2720 1237 2788 dedimus
1260 2722 1384 2788 datario

192 2822 326 2889 ducatos
356 2831 495 2889 centum.
541 2823 659 2891 Sumus
686 2827 718 2891 in
749 2826 962 2914 expedicione
989 2826 1167 2892 litterarum
1190 2826 1383 2912 huiusmodi,

191 2950 273 3016 quas
297 2930 469 3015 scriptores
492 2929 658 3015 apostolici
680 2939 794 2996 taxare
817 2931 957 3017 primum
979 2929 1162 2997 nitebantur
1184 2929 1227 2996 ad
1250 2929 1384 2996 ducatos

190 3035 331 3121 triginta,
362 3055 425 3120 que
452 3042 531 3099 taxa
553 3032 690 3100 solvitur
712 3045 850 3122 quatuor
872 3033 1009 3120 vicibus,
1034 3033 1152 3101 deinde
1174 3034 1218 3100 ad
1240 3035 1308 3100 XX
1331 3034 1383 3100 de·

191 3139 387 3204 scenderunt
416 3137 561 3224 ducatos,
593 3139 690 3205 hodie
721 3139 764 3205 ad
794 3139 989 3227 quindecim,
1020 3139 1078 3205 sed
1109 3140 1229 3206 nullam
1259 3140 1385 3206 illarum

3 3256 4 3263 ’
125 3320 130 3329 ,
191 3244 278 3310 volui
308 3246 462 3331 recipere.
509 3244 610 3332 Spero
640 3246 817 3311 amicorum
848 3248 1032 3311 interventu
1062 3244 1175 3311 leviori
1197 3255 1276 3310 taxa
1298 3247 1385 3332 ipsas

191 3372 244 3415 me
268 3348 486 3436 expeditnras.
511 3348 564 3414 Ob
587 3349 770 3414 huiusmodi
793 3350 971 3415 litterarum
988 3348 1235 3437 expedicionem
1250 3350 1384 3415 fratrem

191 3453 370 3519 Iohannem
399 3456 565 3520 reservavi
595 3476 734 3540 mecum,
761 3464 798 3521 ut
819 3457 900 3520 sciat
921 3455 1044 3521 referre
1066 3476 1138 3520 rem
1158 3464 1295 3541 gestam,
1319 3457 1385 3540 qui·

192 3559 254 3625 hus
289 3560 409 3624 taxatis
445 3560 550 3643 ipsum
588 3558 754 3624 dimittam.
800 3560 879 3625 Feci
917 3559 1151 3645 obligationem
1185 3561 1218 3624 iu
1251 3557 1384 3624 banccis

192 3664 420 3748 Fugkarorum
450 3666 562 3750 vigore
593 3665 832 3730 constitucionis
862 3687 921 3750 per
947 3665 1173 3751 paternitatem
1195 3686 1225 3729 v.
1249 3686 1276 3728 r.
1306 3663 1384 3729 alias

191 3772 223 3835 in
247 3767 338 3835 Urbe
368 3790 477 3834 coram
500 3768 644 3834 Iohanne
666 3770 876 3856 Hagenwiler
905 3771 1029 3835 notario
1059 3768 1145 3834 facte
1173 3790 1232 3855 pro
1256 3777 1385 3834 centiam

191 3883 225 3939 et
257 3873 321 3938 LX
355 3872 489 3957 ducatis,
525 3873 642 3960 quibus
671 3877 808 3959 negocia
837 3875 1037 3961 paternitatis
1068 3896 1099 3937 v.
1123 3895 1148 3939 r.
1181 3873 1385 3959 expedicioni

192 3976 341 4043 dabimus
379 3987 412 4043 et
448 3999 558 4043 omnes
596 3982 758 4065 impensas
794 4000 852 4065 per
887 3978 1008 4044 dictum
1040 3978 1175 4043 hahem
1207 3977 1385 4043 Iohannem

190 4083 295 4149 factas
332 4081 546 4148 exsolvemus.
601 4082 769 4148 Predictos
807 4093 936 4148 centurn
974 4092 1006 4147 et
1042 4085 1214 4167 sexaginta
1250 4082 1385 4150 ducatos

192 4211 267 4254 cum
293 4189 448 4253 interesse
477 4186 688 4273 Saltzeburge
716 4187 797 4252 solvi
825 4186 946 4252 dehent
976 4196 1084 4252 nostro
1111 4187 1385 4273 Froschelmoser,

191 4292 249 4359 ubi
280 4291 369 4358 bulle
405 4293 627 4378 exempoionis
665 4291 726 4357 deo
758 4291 890 4357 favente
924 4291 1031 4358 futuro
1068 4293 1237 4358 invenietis
1274 4315 1385 4374 mense

192 4397 373 4486 expeditas,
405 4397 590 4463 beatissime
621 4406 654 4462 et
683 4419 764 4462 unas
794 4397 916 4463 litteras
946 4405 1139 4483 conquestus
1163 4405 1275 4463 eontra
1297 4399 1385 4464 cives

191 4506 226 4569 in
258 4503 409 4569 Mautarn
442 4504 476 4566 in
509 4505 745 4589 presentiarum
778 4524 906 4589 quoque
940 4504 1103 4568 mittimus.
1149 4501 1222 4566 Hiis
1249 4504 1386 4587 paterni·

192 4617 292 4674 tatem
325 4631 356 4672 v.
388 4631 413 4672 r.
445 4608 563 4692 optime
596 4606 707 4671 valere
738 4608 843 4693 cupio,
878 4609 929 4670 cui
959 4628 1011 4671 me
1041 4616 1194 4692 tanquam
1231 4604 1386 4671 deditissi-

193 4734 282 4777 mum
316 4714 513 4797 mancipium
547 4710 746 4777 commendo.
799 4711 854 4775 Ex
888 4710 979 4777 Urbe
1018 4709 1069 4774 die
1109 4709 1159 4775 14.
1194 4708 1386 4795 septembris
