3388 5302
326 408 387 473 162

323 601 409 665 mino
431 599 607 665 Frederico
629 601 868 685 Maurkircher,
901 604 1067 687 utriusque
1095 602 1173 664 iuris
1197 599 1338 679 doctore,
1362 600 1517 664 canonico

324 713 356 768 et
386 705 554 791 capitulari
585 705 711 791 prefate
741 706 878 771 ecclesie
907 708 1028 770 nostri·
1059 706 1261 769 Pataviensis
1294 726 1420 769 necnon
1450 702 1517 767 illu-

324 810 469 875 strissimi
498 811 651 895 principis
682 822 715 875 et
745 810 875 895 domini,
910 811 1029 875 domini
1060 809 1202 894 Georgii,
1236 812 1360 874 comitis
1387 808 1518 895 palatini

324 913 439 998 Rheni,
469 913 628 979 inferioris
660 917 896 1002 superiorisque
925 917 1066 981 Bouaria
1097 914 1189 980 ducis
1223 925 1283 980 etc.
1316 913 1518 998 cancellario,

324 1018 411 1084 facta
433 1018 477 1084 ad
499 1020 660 1104 prefatum
680 1022 917 1086 sanctissimum
941 1020 1104 1086 dominum
1124 1029 1266 1085 nostrum
1281 1042 1400 1106 papam
1423 1020 1519 1083 certis

325 1123 428 1189 modis
451 1123 719 1211 appellaverimus
742 1133 781 1190 ao
804 1128 836 1190 in
860 1124 975 1191 eadem
998 1124 1218 1212 appellaoione
1234 1135 1343 1190 nostra
1358 1147 1472 1190 causas
1486 1132 1521 1189 et

324 1230 470 1293 raciones
493 1228 687 1316 obreptionis
711 1233 919 1317 surreptionis
941 1230 1093 1296 nullitatis
1116 1232 1290 1316 iniquitatis
1314 1239 1346 1295 et
1360 1231 1519 1295 iniusticie

327 1333 417 1399 salva
429 1356 556 1421 semper
571 1338 773 1422 superiorum
787 1338 971 1401 reverentia
986 1337 1128 1421 ipsorum
1143 1337 1333 1422 provisionis
1349 1334 1519 1400 eleccionis
1558 1329 1565 1341 ’

326 1449 359 1502 et
373 1440 628 1504 confirmacionis
646 1439 687 1504 de
709 1443 779 1526 ipso
801 1440 1071 1505 reverendissimo
1094 1440 1223 1505 domino
1247 1438 1404 1505 cardinali
1425 1439 1520 1504 factis

325 1566 452 1609 necnon
475 1544 731 1609 exorbitanoiam
754 1554 865 1609 contra
888 1546 964 1609 iuris
989 1546 1133 1610 canonici
1157 1554 1189 1610 et
1212 1544 1313 1609 civilis
1338 1544 1519 1630 disposicio-

327 1671 400 1713 nem
435 1671 475 1713 ao
509 1658 692 1714 sanctorum
725 1659 852 1734 patrum
887 1648 1127 1714 ordinacionem
1165 1672 1291 1715 necnon
1328 1651 1519 1734 gravamina

328 1774 424 1838 quam
456 1755 601 1818 maxima
634 1776 698 1818 non
732 1753 835 1819 solum
865 1754 956 1819 nobis
987 1765 1019 1819 et
1049 1753 1185 1819 ecclesie
1213 1755 1425 1837 Pataviensis,
1459 1753 1519 1818 sed

260 1898 262 1902 »
328 1860 424 1921 etiam
453 1860 510 1922 toti
539 1859 660 1923 nationi
690 1857 883 1923 Germanice
917 1859 1157 1945 quomodolibet
1190 1859 1266 1925 inde
1298 1860 1520 1946 provenientia

328 1962 526 2027 sufficienter
549 1965 803 2048 expresserimus
825 1972 858 2028 et
879 1962 1136 2050 allegaremus,
1160 1987 1223 2051 que
1246 1966 1317 2029 iura
1335 1967 1369 2029 in
1385 1974 1416 2029 et
1433 1966 1519 2029 circa

327 2066 414 2132 illam
437 2067 546 2132 facere
570 2066 744 2154 disponunt
765 2092 805 2133 ac
828 2067 1057 2155 appellacionis
1081 2079 1197 2134 natura
1212 2072 1313 2155 exigit
1328 2079 1361 2135 et
1374 2071 1519 2155 requirit,

330 2192 427 2256 quam
456 2170 510 2236 hic
540 2174 637 2238 etiam
667 2195 724 2258 pro
757 2173 954 2238 sufficienter
985 2196 1142 2261 expressa
1168 2173 1289 2239 habere
1317 2174 1464 2239 volumus
1488 2182 1521 2238 et

328 2298 388 2361 per
415 2275 598 2341 huiusmodi
628 2287 769 2342 nostram
792 2277 1046 2364 appellacionem
1069 2278 1219 2343 effectum
1242 2288 1274 2343 et
1295 2280 1361 2343 vim
1384 2300 1521 2364 quarun-

331 2378 406 2444 dam
436 2390 660 2465 pretensarum
690 2391 756 2447 tam
785 2384 975 2467 provisionis
1006 2404 1104 2468 quam
1138 2405 1348 2448 censurarum
1380 2383 1522 2469 desuper

331 2495 553 2551 emanaturum
582 2486 841 2552 exorbitancium
869 2486 1029 2553 bullarum
1052 2487 1095 2552 ad
1117 2489 1308 2553 instanciam
1330 2496 1362 2553 et
1383 2498 1420 2553 ut
1441 2490 1522 2552 veri·

331 2588 476 2655 similiter
506 2594 701 2676 presumitur
727 2591 944 2657 inordinatum
970 2592 1116 2658 favorem
1138 2593 1254 2678 prefati
1277 2593 1397 2658 domini
1420 2592 1522 2657 cardi·

331 2693 412 2759 nalis
443 2695 682 2781 quomodolibet
712 2698 745 2761 in
774 2695 837 2761 hac
868 2704 967 2761 eausa
999 2696 1203 2762 decretarum
1234 2706 1266 2761 et
1295 2719 1523 2763 concessarum

332 2797 606 2884 suspenderimus.
651 2799 864 2865 Nihilominus
886 2809 1004 2884 tamen,
1035 2809 1070 2866 ut
1091 2801 1238 2867 veridica
1258 2801 1419 2867 relacione
1443 2801 1522 2867 didi-

333 2905 435 2968 cimus
466 2914 497 2969 et
527 2928 569 2970 ex
600 2907 728 2991 scriptis
759 2905 875 2990 prefati
899 2905 1021 2970 domini
1044 2905 1216 2971 cardinalis
1240 2906 1523 2991 deprehendimus,

332 3010 436 3093 ipsum
468 3009 631 3075 dominum
663 3009 860 3075 cardinalem
886 3012 997 3097 vigore
1019 3020 1243 3096 protensarum
1267 3010 1524 3077 exorbitaucium

334 3113 494 3179 bullarum
516 3137 647 3180 suarum
671 3136 706 3179 se
729 3118 914 3201 episcopum
936 3115 1163 3180 Pataviensem
1185 3119 1218 3181 in
1241 3117 1384 3182 ecclesiis
1407 3128 1440 3182 et
1461 3141 1525 3182 mo·

334 3221 481 3284 nasteriis
513 3219 601 3305 opidi
624 3220 832 3285 Wiennensis
860 3217 980 3285 audeat
1006 3220 1138 3284 mandet
1160 3230 1192 3285 et
1215 3221 1313 3285 faciat
1335 3220 1448 3287 frivole
1473 3221 1525 3286 de-

334 3324 474 3388 nuntiari
505 3336 537 3390 et
565 3324 758 3410 proclamari
790 3325 885 3388 etiam
916 3322 956 3388 de
986 3324 1146 3389 nonnullis
1174 3324 1299 3390 actibus
1321 3325 1525 3391 iudicialibus

335 3438 367 3491 et
387 3427 613 3493 iurisdiccione
637 3427 774 3493 ecclesie
796 3436 903 3492 nostre
927 3428 1129 3494 Pataviensis
1151 3451 1278 3494 necnon
1301 3430 1406 3495 officio
1426 3431 1526 3517 ponti·

335 3530 420 3595 ficali
451 3541 483 3596 et
513 3533 668 3597 exercitio
699 3530 844 3596 eiusdem
874 3552 909 3595 se
939 3541 1060 3597 temere
1091 3542 1124 3597 et
1153 3533 1193 3597 de
1220 3534 1306 3599 facto
1328 3537 1526 3618 intromittat,

336 3658 394 3701 nos
417 3645 450 3702 et
472 3638 641 3702 ecclesiam
664 3647 805 3715 nostram
827 3636 1055 3701 Pataviensem
1078 3647 1190 3702 contra
1209 3637 1307 3703 deum
1322 3649 1354 3704 et
1368 3641 1528 3704 iusticiam

337 3762 435 3806 causa
457 3765 522 3807 non
545 3744 673 3828 cognita
695 3742 895 3826 possessione
911 3750 1019 3806 nostra
1034 3742 1157 3807 iuribus
1174 3752 1206 3808 et
1221 3743 1396 3832 privilegiis
1411 3746 1528 3810 nostris

337 3856 370 3912 et
392 3847 527 3913 ecclesie
550 3856 658 3912 nostre
680 3848 745 3911 iam
766 3846 861 3932 longo
884 3856 1027 3933 tempore
1050 3850 1235 3933 prescriptis
1259 3849 1397 3935 spoliare
1420 3858 1453 3914 et
1475 3849 1527 3914 de·

337 3954 469 4016 stituere
500 3954 569 4016 iure
600 3973 658 4017 suo
685 3960 836 4037 pretenso
864 3962 897 4016 et
919 3973 1019 4017 causa
1041 3951 1268 4037 appellacionis
1291 3963 1397 4019 nostre
1420 3953 1528 4019 adhuc

336 4059 370 4121 in
400 4056 599 4121 discussione
628 4055 799 4142 pendentis
831 4078 866 4119 re
896 4058 1021 4141 integra
1050 4066 1082 4120 et
1109 4058 1143 4120 in
1165 4058 1354 4123 tractatibus
1377 4057 1528 4123 amicabi-

337 4162 421 4228 libus
451 4160 560 4227 adhuo
589 4171 693 4227 stante
723 4162 844 4248 ymmo,
876 4161 959 4246 quod
992 4164 1083 4248 peius
1107 4171 1165 4246 est,
1189 4163 1462 4250 quemadmodum
1485 4162 1529 4228 ad

338 4278 478 4332 nostram
508 4268 658 4332 noticiam
690 4269 786 4331 certis
816 4265 1046 4331 assertionibus
1076 4266 1236 4352 prolatum
1266 4277 1324 4352 est,
1356 4266 1528 4333 cardinalis

337 4370 499 4456 pretendit
521 4381 553 4436 et
575 4371 702 4437 molitur
724 4373 836 4457 vigore
859 4370 1063 4457 quarundam
1077 4371 1255 4437 litterarum
1271 4373 1527 4457 monitorialium,

336 4474 500 4563 penalium
531 4486 563 4541 et
590 4486 750 4542 certarum
772 4486 994 4562 pretensarum
1019 4498 1237 4561 censurarum,
1262 4500 1397 4564 quarum
1420 4488 1528 4544 tamen

335 4701 416 4758 1947.
437 4714 450 4738 ⁸
468 4704 539 4756 scau
554 4711 647 4755 corbe.
