3388 5302
1329 395 1372 462 93

176 589 265 675 alias,
291 612 365 655 cum
386 600 515 677 tempus
538 589 677 673 affuerit,
701 598 806 655 vestre
829 612 860 676 p.
884 587 1029 654 nonnihil
1051 588 1261 655 scribendum
1283 600 1372 675 puta·

176 718 259 762 mus,
306 694 539 761 Verumtamen
570 703 659 760 tanta
689 694 783 760 huius
812 695 901 761 beati
930 694 1067 781 presulis
1098 703 1130 760 et
1157 693 1220 760 loci
1247 694 1372 759 visendi

176 800 325 866 voluntas
356 822 399 865 ex
428 799 524 864 huius
554 799 699 864 leccione
730 799 859 865 historie
889 801 1080 884 intercessit,
1109 810 1145 865 ut
1167 801 1194 864 si
1216 821 1280 885 que
1302 798 1373 865 illas

176 916 286 992 partes
315 904 494 969 accedendi
515 903 652 969 facultas
675 902 817 988 daretur,
849 906 978 970 omnino
1005 902 1147 969 eundem
1169 913 1310 970 montem
1333 925 1373 969 ac

175 1009 336 1076 tumulum
358 1010 445 1074 beati
468 1008 604 1096 presuhs
627 1011 767 1074 invisere
791 1018 823 1074 et
844 1011 974 1074 visitare
989 1010 1215 1095 paternitatem
1230 1019 1374 1074 vestram

176 1116 344 1181 vellemus.
390 1116 566 1180 Historiam
596 1123 706 1179 autem
735 1113 916 1199 IomandiS,
946 1137 1045 1200 quam
1074 1113 1167 1179 nobis
1197 1113 1318 1179 offertis
1348 1115 1375 1179 si

176 1220 307 1308 placeat
329 1219 529 1305 cupiendam,
552 1222 617 1284 iam
639 1228 714 1285 ante
737 1241 838 1285 annos
862 1217 1033 1284 duodecim
1055 1219 1107 1284 vel
1131 1221 1219 1284 circa
1235 1218 1375 1284 Wienne

178 1327 301 1413 copiari
331 1325 477 1408 fecimus,
507 1322 566 1388 sed
595 1324 682 1389 illam
712 1326 745 1389 in
775 1324 938 1411 plerisque
961 1323 1038 1389 locis
1061 1333 1243 1389 truncatam
1267 1333 1299 1388 et
1322 1323 1375 1388 de

178 1430 357 1495 fectuosam
384 1430 573 1516 reperimus,
601 1451 700 1515 quam
722 1430 748 1493 si
770 1428 890 1494 alicubi
912 1427 1055 1493 locorum
1077 1428 1209 1494 Austris
1232 1426 1376 1493 similiter

180 1535 377 1621 descriptam
408 1536 602 1620 reperiretis,
633 1533 798 1618 vellemus,
830 1544 865 1598 ut
887 1532 975 1598 illam
995 1543 1138 1600 vestram
1162 1555 1236 1599 cum
1260 1532 1376 1598 eadem

180 1638 384 1705 collacionari
406 1640 555 1704 faceretis
577 1660 617 1703 ac
641 1638 786 1704 defectus
808 1637 878 1704 illos
900 1637 1043 1725 suppleri
1066 1650 1099 1705 et
1121 1638 1213 1705 nobis
1237 1660 1378 1703 commu·

180 1746 291 1810 nicari.
338 1744 541 1809 Remittimus
571 1754 680 1809 autem
701 1753 810 1809 vestre
832 1766 864 1829 p.
889 1766 963 1809 cum
986 1744 1191 1830 presentibus
1213 1742 1378 1808 historiam

180 1851 337 1935 passionis
354 1858 387 1914 et
409 1851 542 1914 martirii
564 1844 658 1914 huius
680 1850 780 1914 nostri
802 1848 919 1915 novelli
942 1851 1120 1914 innocentis
1141 1848 1268 1935 pueruli
1291 1847 1379 1914 beati

181 1954 355 2041 Symonis²
382 1976 401 2018 a
425 1953 566 2040 quodam
589 1956 719 2041 egregio
742 1953 865 2041 phisico
888 1964 996 2020 nostro
1020 1954 1216 2041 descriptam
1238 1975 1379 2019 unacum

181 2060 293 2145 primis
324 2057 486 2123 miraculis
517 2057 627 2123 divina
657 2060 777 2145 pietate
807 2058 851 2123 ad
886 2058 1044 2124 tumulum
1075 2057 1221 2124 eiusdem
1243 2059 1378 2122 ostensis

182 2186 220 2228 ac
245 2165 333 2228 circa
357 2162 502 2228 diversas
524 2163 701 2228 infirmatas
724 2165 877 2248 occursio,
901 2185 999 2249 quam
1022 2162 1087 2228 illic
1109 2162 1198 2249 apud
1218 2184 1275 2227 vos
1295 2165 1379 2228 inter

183 2267 318 2333 devotas
349 2289 388 2332 ac
419 2266 584 2353 religiosas
615 2289 769 2354 personas
800 2267 961 2355 divulgari
991 2290 1030 2333 ac
1053 2267 1232 2354 exemplari
1254 2267 1379 2332 faciatis

182 2372 222 2437 ad
247 2371 379 2437 laudem
402 2370 455 2437 dei
477 2383 510 2439 et
531 2372 625 2438 huius
648 2372 736 2438 beati
760 2372 878 2438 novelli
900 2375 1080 2438 innocentis
1097 2374 1236 2437 martiris
1252 2393 1380 2437 necnon

182 2475 260 2542 lidei
282 2475 448 2542 katholico
471 2476 707 2542 exaltacionem
730 2488 763 2543 et
783 2477 942 2564 perfidie·
964 2477 1092 2543 iudaice
1113 2476 1333 2542 confusionem
1349 2485 1381 2540 et

183 2583 209 2646 si
232 2580 311 2667 quid
334 2579 421 2645 aliud
444 2603 502 2668 pro
525 2593 633 2648 vestra
655 2604 686 2669 p.
702 2584 871 2669 possimus,
896 2604 973 2647 ecoe
988 2604 1047 2647 nos
1062 2582 1265 2668 paratissimi,
1289 2583 1381 2645 cuius

183 2684 387 2751 oracionibus
410 2708 448 2751 ac
471 2687 608 2752 fratrum
630 2709 688 2751 nos
711 2686 884 2773 plurimum
908 2685 1182 2751 commendamus.
1209 2682 1326 2751 Valete
1349 2686 1380 2748 in

183 2789 320 2855 Christo.
352 2790 474 2855 Datum
497 2790 643 2856 Tridenti
665 2793 699 2856 in
722 2800 828 2855 castro
851 2800 959 2855 nostro
975 2789 1181 2856 Boniconsilii
1198 2789 1250 2854 die
1266 2797 1383 2854 octava

183 2896 303 2958 mensis
326 2897 437 2959 marcii
461 2917 546 2960 anno
569 2905 629 2961 etc.
656 2894 811 2961 LXXVI.

230 3193 334 3263 1858.
933 3199 1015 3257 1476
1030 3200 1101 3256 luni
1114 3199 1165 3266 28,
1182 3200 1339 3273 (lottwelg.

292 3387 379 3451 Herr
400 3387 499 3452 Peter
521 3385 733 3473 Stainpeclrh,
765 3386 817 3452 die
847 3389 910 3452 aeit
937 3387 1074 3474 pharrer
1100 3410 1142 3452 zu
1163 3386 1278 3454 Sannd
1300 3387 1385 3452 Mar·

187 3490 325 3576 grathen
355 3491 415 3556 auf
440 3490 500 3557 der
522 3491 682 3579 Sierning,
711 3492 769 3558 hat
799 3491 1084 3578 aufemphanngen
1105 3502 1182 3556 nuta
1204 3490 1272 3557 und
1294 3495 1386 3577 gwhr

187 3596 241 3661 fur
264 3596 333 3661 sich
355 3596 422 3661 und
445 3596 488 3661 all
508 3600 576 3662 sein
598 3596 804 3662 nachlromen
819 3596 955 3684 pharrer
971 3595 1030 3661 der
1043 3596 1231 3662 henannten
1247 3595 1385 3660 kirchen

188 3703 242 3766 ain
273 3700 424 3766 sechstail
455 3699 512 3766 des
542 3702 675 3768 uehents
705 3724 747 3766 zu
777 3701 840 3766 den
864 3700 1004 3785 deen,¹
1034 3700 1141 3765 daven
1172 3722 1248 3765 man
1266 3699 1386 3787 jarlich

190 3805 281 3871 dient
302 3807 335 3870 in
358 3805 418 3871 der
440 3816 569 3872 vasaten
592 3830 633 3871 au
649 3805 804 3892 Gottbeig
826 3804 901 3871 funf
917 3805 1046 3889 achtail,
1070 3806 1123 3870 ain
1139 3803 1294 3890 dchterin,
1318 3803 1386 3869 und

189 3913 242 3976 ain
267 3909 387 3975 drittail
409 3932 484 3997 pau,
508 3911 555 3976 als
579 3911 666 3977 dann
689 3913 746 3976 mit
768 3910 876 3976 khauf
894 3932 969 3976 vom
992 3908 1115 3975 Steffan
1131 3908 1388 3974 Fleischackher

189 4037 254 4080 von
284 4014 509 4101 Haffnerpach
542 4039 585 4081 an
618 4015 683 4080 den
716 4016 881 4081 henanten
910 4015 990 4079 hern
1021 4014 1139 4079 Petern
1169 4013 1306 4079 chomen
1336 4016 1386 4079 ist.

189 4119 268 4187 Und
299 4120 341 4184 ist
369 4118 438 4185 solh
462 4120 557 4186 lehen
578 4123 610 4185 in
634 4120 693 4185 der
715 4129 885 4206 maynung
906 4117 1102 4205 geschehen,
1126 4117 1186 4182 das
1209 4120 1262 4183 ain
1284 4117 1389 4203 yeder

191 4224 394 4310 khunfftiger
422 4223 558 4311 pharrer
588 4225 652 4290 den
682 4224 890 4311 hestymbten
920 4223 1039 4289 aehent
1068 4221 1308 4309 aufemphahen
1331 4221 1388 4286 soll

192 4488 273 4542 1857.
295 4500 309 4524 ·
327 4489 391 4540 (iod.
409 4495 474 4541 atatt
486 4490 615 4556 perfidiea'.

297 4610 310 4642 ¹
327 4614 449 4665 nr.1845
467 4614 545 4664 Anm.
559 4614 583 4663 7.

195 4701 276 4757 1858.
300 4701 309 4733 ¹
328 4700 436 4768 Hofing,
454 4701 533 4752 Rotte
552 4700 630 4752 0.-(1.
644 4698 809 4763 Gerersdors,
829 4698 861 4747 V.
874 4697 905 4747 Ο.
919 4696 961 4745 W.
975 4695 1017 4745 W.
