3406 5300
343 418 408 483 300

343 610 437 674 tionis
460 610 529 673 eius
551 608 709 693 absentia,
732 611 759 673 si
780 611 894 674 iuxta⁰
912 660 1071 676 .......
1087 618 1213 675 tantum
1235 611 1268 674 in
1290 608 1361 675 leco
1374 608 1538 695 beneficii,

342 712 403 777 hoc
426 722 484 796 est,
508 712 723 799 paroehialis·
749 714 905 779 ecclesiae
927 713 1040 779 habita
1061 715 1201 800 primum
1225 713 1370 799 diligenti
1392 736 1540 800 perscru-

341 821 472 903 tatione,
496 820 522 883 si
546 820 587 883 sit
609 820 642 884 in
665 818 746 902 loco,
770 818 954 904 publicetur
975 818 1092 903 taliter,
1115 818 1202 906 quod
1219 821 1362 886 notarius
1376 821 1410 885 in
1424 821 1540 885 instru-

342 932 450 988 mento
465 925 665 989 executionis
681 923 811 1009 scribat,
836 923 973 1011 qualiter
987 923 1171 990 huiusmodi
1187 926 1370 990 citationem
1383 934 1540 1012 tempore,

329 1050 407 1115 vquo
439 1030 609 1094 missarum
639 1028 794 1095 solemnia
825 1040 1008 1116 agerentur,
1040 1030 1147 1095 affixit
1172 1029 1452 1117 praetereuntibus
1474 1053 1541 1096 ma·

343 1141 436 1197 terna
465 1131 576 1220 linqua
604 1137 755 1220 exposuit
784 1145 816 1200 et
838 1144 994 1221 quantum
1016 1136 1050 1200 in
1073 1157 1111 1200 eo
1133 1135 1203 1221 fuit,
1225 1137 1313 1222 ipsas
1334 1135 1443 1201 literas
1465 1156 1541 1222 apo

344 1236 471 1302 stolicas
501 1237 679 1304 declaravit
708 1247 741 1305 et
769 1238 812 1304 ad
841 1254 953 1305 eorum
982 1242 1127 1306 notitiam
1153 1239 1368 1306 indubitatam
1391 1239 1541 1325 deduxit,

344 1341 462 1407 deinde
485 1345 598 1409 emotis
619 1342 718 1409 literis
742 1343 949 1429 originalibus
971 1347 1076 1409 mittat
1097 1347 1131 1410 in
1155 1368 1266 1411 eorum
1288 1344 1396 1410 locum
1413 1346 1541 1431 copiam

343 1445 564 1512 auscultatam.
595 1447 746 1514 Similiter
768 1450 802 1513 in
824 1448 962 1514 ecclesia
985 1449 1164 1515 cathedrali
1186 1449 1298 1515 itidem
1320 1450 1429 1534 faciat,
1452 1448 1542 1536 quod

343 1550 459 1616 lubens
484 1552 643 1637 Georgius
673 1552 828 1638 Rendert,
858 1553 1017 1640 plebanus
1046 1557 1079 1618 in
1110 1554 1289 1641 Osterperg
1317 1577 1420 1641 prope
1446 1555 1542 1619 Pata-

344 1658 442 1741 viam,
464 1660 496 1721 in
521 1679 594 1722 meo
617 1659 744 1723 nomine
768 1659 886 1743 optime
908 1660 942 1723 in
965 1660 1057 1724 curia
1077 1668 1172 1725 notus
1187 1659 1332 1745 legaliter
1347 1668 1541 1747 exequatur.

345 1762 378 1826 Is
410 1763 507 1827 etiam
537 1761 719 1827 huiusmodi
749 1764 932 1828 citationem
956 1786 1030 1828 cum
1053 1768 1244 1830 executione
1267 1767 1301 1830 in
1323 1763 1449 1831 Urbem
1471 1766 1543 1829 mit

344 1875 413 1931 tere
445 1868 563 1952 optime
594 1869 691 1932 novit.
737 1867 946 1933 Inserueram
976 1890 1104 1955 quoque
1134 1872 1213 1934 meis
1237 1869 1278 1934 de
1301 1869 1419 1956 quibus
1442 1890 1543 1956 supra

347 1971 469 2053 litteris,
498 1971 635 2057 qualiter
657 1971 831 2037 Udalricus
854 1973 1053 2060 Lyenfelder
1083 1996 1118 2039 se
1140 1972 1313 2060 jactitabat
1334 1977 1368 2039 in
1389 1973 1482 2041 Urbe
1505 1996 1543 2039 se

346 2078 500 2162 magistro
516 2076 653 2142 Iohanni
668 2076 901 2164 Landsperger
921 2080 955 2142 in
977 2081 1045 2144 vita
1068 2101 1165 2165 super
1184 2078 1380 2165 parochiali·
1403 2079 1545 2145 ecclesia

344 2183 379 2246 in
400 2180 518 2245 Naliub
550 2192 678 2247 vestrae
701 2204 726 2247 r.
743 2203 774 2268 p.
799 2182 976 2248 collationis
998 2185 1137 2249 movisse
1159 2182 1241 2249 lites.
1287 2184 1322 2251 Si
1344 2183 1424 2270 quid
1446 2185 1474 2249 is
1497 2193 1545 2250 at

344 2294 526 2371 temptaret,
549 2296 585 2351 ut
606 2308 771 2372 possessor
793 2287 919 2352 titulum
943 2310 1017 2353 cum
1039 2287 1193 2354 mandato
1215 2290 1327 2373 mittat,
1350 2291 1456 2375 ipsum
1480 2288 1544 2353 ele·

344 2400 459 2476 gauter
483 2389 660 2457 defendere
683 2394 810 2458 scirem.
855 2393 939 2458 Item
961 2394 1156 2479 generaliter
1178 2392 1328 2460 Kilianus
1352 2394 1466 2482 Geyer
1488 2394 1545 2459 ob

326 2497 491 2562 'tinuisset
514 2495 696 2562 dilationem
722 2506 835 2562 contra
850 2496 1046 2563 Michaelem
1059 2497 1187 2584 Hrlpler
1209 2519 1308 2586 super
1329 2498 1545 2586 parrochiali·

345 2601 484 2666 ecclesia
510 2602 543 2665 in
565 2600 654 2666 Kilb.
700 2602 789 2667 Dicti
810 2602 931 2667 Kiliani
954 2612 1143 2689 procurator
1165 2604 1359 2669 Franciscus
1383 2603 1424 2669 de
1448 2603 1545 2670 Senis

345 2704 407 2770 hoc
436 2728 547 2771 mense
577 2714 734 2772 mortem·
764 2706 851 2772 obiit.
897 2707 1093 2773 Dilationem
1123 2708 1259 2774 obtineri
1290 2710 1323 2773 in
1354 2731 1454 2774 causa
1481 2709 1545 2775 sibi

346 2813 516 2876 commissa
546 2813 676 2876 minime
706 2811 827 2895 adhuc,
855 2820 892 2876 ut
920 2820 1108 2898 praesentes
1137 2835 1246 2879 coram
1268 2816 1385 2879 avisari
1407 2816 1544 2901 possint,

349 2914 468 2980 dubito.
515 2915 549 2981 Si
577 2915 655 3002 quid
684 2926 792 2981 tamen
822 2939 854 3002 p.
878 2940 910 2982 v.
933 2940 959 2982 r.
984 2940 1058 2982 cum
1080 2917 1166 2983 dicto
1189 2917 1349 2983 Michaele
1373 2920 1544 2984 occasione

347 3022 447 3106 ipsius
478 3020 635 3085 ecclesiae
666 3030 858 3108 attemptare
881 3021 1028 3107 intendit,
1050 3023 1211 3108 significet
1232 3033 1265 3088 et
1286 3023 1392 3089 eidem
1415 3024 1545 3109 scriptis

348 3148 378 3211 p.
400 3148 431 3189 v.
452 3148 477 3190 r.
502 3147 637 3211 pronam
668 3126 783 3191 offerat
804 3128 1000 3213 pensionem,
1024 3126 1190 3193 residuum
1212 3127 1290 3193 mihi
1312 3130 1345 3193 in
1368 3127 1545 3193 concordia

348 3229 500 3295 addendo
530 3241 685 3296 reservat.
723 3230 863 3312 Videbo,
895 3254 936 3296 ne
966 3234 1099 3297 nimium
1120 3234 1192 3319 ipsa
1214 3227 1372 3317 gravetur
1391 3232 1542 3299 ecclesia.

347 3335 472 3401 Vereor
494 3335 634 3400 eundem
657 3337 813 3401 victorem
837 3338 960 3401 eminus
984 3358 1158 3401 evasurum
1181 3346 1213 3401 et
1227 3336 1392 3402 Kilianum
1408 3359 1543 3403 causam

348 3439 509 3506 deserere.
556 3440 757 3527 Scripseram
788 3442 895 3526 etiam,
928 3440 1014 3527 quod
1044 3443 1156 3526 vigore
1184 3440 1457 3527 indulgentiarum
1481 3452 1543 3508 sta·

348 3549 469 3611 tionum
499 3550 700 3613 monasteriis
730 3549 929 3633 paternitatis
960 3556 1088 3613 vestrae
1118 3557 1151 3612 et
1182 3546 1336 3612 membris
1364 3547 1542 3613 eorundem

349 3672 577 3717 concessarum
600 3673 694 3717 nemo
717 3651 843 3717 absolvi
864 3662 982 3738 posset,
1006 3651 1065 3716 sed
1088 3650 1287 3717 absolutione
1310 3660 1343 3717 et
1356 3654 1390 3716 in
1406 3654 1542 3717 caritate

349 3765 380 3820 et
404 3759 627 3822 communione
650 3756 794 3822 fidelium
817 3780 837 3822 a
859 3756 933 3822 labe
955 3756 1135 3822 insontibus
1158 3756 1385 3823 subveniretur
1407 3766 1440 3822 et
1454 3757 1541 3844 qued

349 3882 406 3926 suo
436 3871 581 3949 tempore
611 3861 793 3928 huiusmodi
824 3860 1040 3948 indulgentias
1070 3884 1130 3949 per
1160 3862 1436 3949 supplicationem,
1465 3885 1542 3949 qua-

348 3977 441 4032 tenus
465 3968 648 4054 paternitati
670 3990 701 4031 ν.
725 3989 750 4032 r.
778 3965 955 4053 videretur,
986 3966 1131 4032 obtinere
1154 3966 1272 4033 vellem
1294 3976 1327 4032 et
1350 3966 1437 4054 quod
1462 3966 1541 4032 dun-

348 4080 440 4137 taxat
469 4072 624 4159 religiosis
654 4094 713 4157 pro
744 4070 900 4158 spirituali
922 4073 1123 4137 recreatione
1146 4071 1412 4138 concederentur.
1459 4071 1543 4138 Item

349 4176 435 4263 quod
457 4200 516 4263 pro
538 4179 691 4263 magistro
706 4176 844 4243 Acbatio
866 4176 944 4241 mihi
966 4176 1092 4242 fautore
1114 4177 1366 4262 singularissimo
1387 4186 1419 4241 et
1433 4179 1541 4260 unico,

348 4281 487 4368 plebano
509 4284 543 4347 in
566 4281 730 4367 Hainfeld,
760 4282 979 4367 indulgentias
1002 4291 1034 4347 et
1055 4282 1288 4347 confessionale
1309 4304 1368 4369 pro
1391 4282 1542 4347 omnibus

350 4386 548 4453 dioecesanis
572 4387 717 4454 obtinere
740 4410 804 4453 non
826 4410 966 4475 possem,
990 4386 1117 4474 quibus,
1141 4389 1167 4453 si
1190 4387 1297 4454 eidem
1312 4391 1418 4453 visum
1433 4387 1540 4472 fauerit,

349 4493 453 4557 mittat
481 4492 622 4578 modum,
653 4515 717 4580 quo
748 4492 910 4580 expeditio
939 4494 1010 4558 fieri
1037 4494 1146 4578 possit,
1171 4514 1245 4559 cum
1267 4514 1331 4558 uno
1354 4492 1541 4558 beatissime

348 4720 430 4779 tlte.
451 4734 462 4759 ⁸
480 4724 560 4790 Felgt
577 4725 639 4774 elne
657 4723 822 4789 Auslassuug
840 4724 868 4773 in
886 4723 934 4773 dar
951 4723 1043 4791 (lepis.
