3406 5300
1285 416 1350 483 305

261 607 405 690 Quartus
436 609 540 674 testis:
571 606 668 673 Anno
698 606 818 673 domiui
848 618 908 674 etc.
931 610 1140 695 nonagesimo
1163 616 1266 692 sexto,
1297 607 1350 674 die

158 735 233 779 vero
248 713 341 779 XVI.
357 715 476 778 mensis
499 712 683 779 novembris
706 712 786 778 hora
807 735 893 778 nona
914 715 946 778 in
969 712 1039 779 loco
1063 722 1095 778 et
1115 713 1184 779 aliis
1200 723 1349 799 utsupra

157 827 408 904 comparuerunt
439 839 549 883 coram
578 840 631 883 me
661 828 693 883 et
721 819 853 883 notariis
882 841 922 883 ac
952 818 1175 884 accessoribus
1202 818 1350 884 dominus

157 922 318 988 Iohannes
340 921 549 1009 Velsperger,
579 922 752 1009 presbyter
774 923 976 989 Pataviensis
1007 923 1155 1008 diocesis,
1182 946 1241 1010 pro
1264 944 1351 990 nunc

157 1030 262 1093 socius
284 1030 317 1092 in
333 1027 557 1093 Nouaoiuitate
581 1030 706 1108 citatus,
730 1030 852 1093 iuratus
875 1037 908 1093 et
922 1030 1138 1114 interrogatus
1152 1028 1196 1094 ad
1210 1030 1351 1115 primum

156 1130 328 1198 articulum
357 1131 524 1197 videlicet:
553 1142 628 1198 ante
651 1155 752 1197 annos
775 1131 856 1197 duos
878 1136 911 1198 in
934 1135 1057 1199 socium
1080 1141 1152 1217 etc,
1175 1133 1351 1219 respondit,

157 1237 245 1323 quod
272 1235 370 1302 nichil
397 1246 522 1302 constet
548 1237 621 1319 sibi,
651 1239 727 1324 quia
753 1247 831 1303 tunc
860 1240 1013 1324 temporis
1036 1260 1099 1303 non
1123 1246 1192 1303 crat
1214 1239 1246 1302 in
1269 1237 1350 1303 loeo.

261 1341 344 1407 Item
366 1340 410 1405 ad
432 1340 613 1407 secundum
632 1341 802 1407 articulum
824 1340 989 1408 videlicet:
1012 1342 1146 1407 honeste
1161 1351 1194 1408 et
1207 1341 1352 1407 laudabi-

158 1445 239 1530 liter,
271 1448 486 1532 interrogatus
517 1446 691 1532 respondit,
722 1447 810 1535 quod
840 1449 976 1531 interim,
1000 1446 1087 1533 quod
1109 1447 1169 1512 fuit
1191 1448 1297 1513 socius
1319 1449 1352 1511 in

158 1551 394 1631 Nouaciuitate,
424 1550 575 1616 videlicet
602 1573 622 1615 a
651 1552 733 1617 festo
763 1554 866 1617 sancti
889 1552 998 1619 Georii
1027 1574 1131 1638 usque
1161 1550 1204 1617 ad
1234 1552 1353 1617 festum

159 1658 263 1721 sancti
284 1654 430 1721 Udalriei
461 1654 542 1721 vidit
568 1658 674 1742 ipsum
697 1655 861 1722 dominum
884 1656 1052 1722 Nicolaum
1074 1656 1299 1743 predicantem
1320 1665 1353 1722 et

161 1760 379 1826 celebrantem
409 1763 539 1826 missam
570 1772 736 1847 tamquam
765 1784 866 1827 unum
893 1763 1015 1827 socium
1038 1771 1071 1828 et
1093 1764 1198 1827 eciam
1220 1763 1356 1827 servivit

160 1868 192 1930 in
223 1864 341 1931 divinis
372 1865 486 1931 officiis
517 1877 548 1932 et
571 1865 675 1932 credit
697 1889 738 1933 ao
761 1869 865 1932 eciam
888 1866 1028 1933 comedit
1050 1889 1163 1932 seeum
1185 1869 1219 1933 in
1240 1889 1354 1933 mensa

162 1969 237 2036 dicti
262 1970 383 2036 domini
406 1970 536 2056 plebani
558 1981 619 2037 etc.

264 2075 320 2141 Ad
352 2078 488 2141 tercium
518 2075 699 2161 articulum,
730 2079 785 2163 qui
815 2079 926 2163 incipit
952 2079 1043 2142 item:
1074 2077 1160 2164 quod
1190 2076 1278 2143 idem
1291 2077 1355 2141 'do-

162 2182 267 2246 minus
289 2180 440 2246 Nicolaus
463 2180 585 2246 ibidem
606 2182 839 2248 Noueciuitatis
861 2184 962 2248 vitam
985 2182 1080 2247 duxit
1103 2191 1234 2267 castam,
1262 2184 1355 2248 inter-

163 2296 293 2373 rogatus
316 2287 437 2351 iuratus
460 2284 640 2372 respondit:
664 2286 768 2352 credit
791 2309 865 2353 eum
885 2309 951 2353 non
972 2288 1095 2351 vixisse
1118 2297 1215 2352 caste.
1254 2287 1355 2353 Inter-

162 2400 293 2477 rogatus
323 2390 410 2455 unde
440 2393 530 2476 sciat,
561 2390 736 2477 respondit,
767 2390 854 2478 quod
884 2390 1017 2477 quidam
1043 2393 1185 2477 armiger
1206 2403 1357 2479 equester

163 2495 287 2561 habens
316 2518 407 2560 arma
437 2518 496 2562 sua
522 2499 556 2562 in
586 2495 680 2562 dorso
712 2496 823 2563 dicens
853 2496 982 2563 domino
1012 2497 1166 2584 plebano:
1198 2519 1275 2562 ecce
1303 2497 1356 2562 do-

163 2603 249 2666 mine
272 2600 421 2686 plebane,
445 2600 545 2687 quid?
569 2600 754 2688 capellanus
777 2624 835 2667 seu
858 2604 963 2667 socius
986 2613 1096 2668 vester
1117 2601 1269 2667 videlicet
1291 2625 1355 2668 ma-

162 2708 262 2792 gister
292 2705 380 2770 chori
410 2705 510 2771 habet
536 2705 701 2792 quandam
728 2709 930 2772 meretricem
952 2707 1124 2793 'publicam
1159 2709 1191 2772 in
1226 2729 1357 2773 camera

163 2833 230 2894 sua,
261 2834 360 2898 quam
390 2810 537 2876 dominus
559 2810 717 2897 plebanus
740 2811 816 2877 licet
836 2814 955 2878 invitus
974 2815 1066 2877 iussit
1087 2812 1251 2898 provideri
1282 2835 1355 2879 cum

163 2938 220 2982 suo
250 2915 371 2981 famulo
397 2914 550 2981 videlicet
579 2918 707 2982 nomine
728 2916 862 2997 DenkiI,
890 2919 945 3004 qui
969 2939 1042 2981 cum
1064 2939 1130 2982 non
1152 2919 1302 2983 intrasset
1324 2921 1356 2983 ln

165 3043 329 3087 cameram
350 3043 411 3085 nec
433 3019 568 3086 vidisset
589 3043 649 3086 nec
665 3020 813 3086 dominus
831 3020 983 3087 Nicolaus
998 3023 1104 3107 ipsum
1119 3020 1248 3087 volebat
1264 3023 1357 3086 intro·

166 3128 302 3208 mittere,
345 3127 484 3211 suspicio
522 3135 592 3191 orta
625 3136 673 3190 est
707 3149 727 3191 a
760 3125 888 3191 domino
921 3125 1066 3191 Iohanne
1098 3134 1180 3191 teste
1213 3124 1358 3211 predicto

165 3253 237 3296 eam
260 3231 293 3294 in
317 3252 446 3295 camera
469 3229 545 3295 dicti
569 3229 687 3295 domini
710 3230 834 3295 Nicolai
856 3230 965 3295 fuisse.

269 3335 385 3400 Eciam
407 3357 450 3400 ex
472 3334 534 3400 ulio
557 3336 692 3419 insignio
715 3337 775 3399 soit
797 3345 829 3400 et
852 3334 938 3416 dicit,
962 3334 1048 3422 quod
1071 3333 1217 3421 pluribus
1232 3334 1359 3400 vicibus

165 3439 247 3505 vidit
268 3450 466 3526 prestantem
488 3463 548 3526 per
570 3438 727 3505 scolarem
750 3440 839 3505 chori
861 3442 989 3505 nomine
1005 3439 1129 3505 Nicolai
1149 3439 1359 3505 comestibilia

166 3544 319 3611 videlicet
347 3566 467 3632 panem
496 3547 607 3610 vinum
637 3555 670 3609 et
696 3544 837 3630 pallium,
868 3545 926 3610 sed
953 3547 1056 3611 nescit
1082 3547 1134 3610 cui
1164 3567 1225 3610 nec
1257 3543 1360 3609 credit

166 3661 329 3738 prestasse
363 3650 492 3717 domino
524 3650 667 3736 Nicolao,
702 3660 734 3716 et
766 3650 905 3717 totaliter
937 3661 1036 3736 negat
1068 3650 1156 3716 illum
1190 3651 1358 3716 articulum

166 3758 313 3822 tercium.

272 3861 326 3926 Ad
349 3872 510 3949 quartum,
533 3865 588 3949 qui
611 3864 723 3950 incipit
743 3865 835 3927 item:
858 3860 945 3949 quod
967 3861 1111 3948 prelatus
1135 3859 1312 3926 dominus·

272 3968 354 4033 Item
384 3970 600 4053 interrogatus
623 3968 667 4033 ad
689 3967 748 4032 XI.
770 3965 940 4032 articulum
963 3966 1005 4031 de
1027 3974 1217 4032 testamento
1241 3963 1361 4030 domini

166 4072 295 4139 Alberti
329 4072 515 4159 recipiendo
546 4082 653 4139 vestes
688 4083 720 4138 et
752 4072 830 4138 alias
863 4094 916 4137 res
950 4073 1060 4158 ipsius,
1093 4069 1270 4156 respondit,
1300 4069 1360 4135 sibi

168 4176 266 4243 nichil
296 4188 454 4262 constare,
485 4177 543 4243 sed
573 4177 655 4243 vidit
677 4177 801 4264 aliquos
823 4177 922 4242 libros
944 4176 1097 4241 videlicet
1118 4174 1305 4241 matutinale
1328 4185 1360 4240 et

168 4291 324 4368 excerpta
353 4284 431 4348 iuris
455 4281 531 4348 dicti
555 4281 674 4349 domini
696 4281 833 4367 Alberti,
857 4303 937 4369 quos
959 4280 1105 4346 vendidit
1127 4278 1274 4345 dominus
1297 4278 1361 4366 ple·

168 4387 274 4453 banus
286 4388 319 4453 in
330 4387 553 4453 Nouaciuitate
566 4397 598 4452 et
610 4387 730 4453 domini
742 4387 857 4452 Petrus
869 4387 1012 4472 Longus,
1024 4384 1184 4449 Iohannes
1198 4383 1362 4451 Schirmer

169 4492 352 4580 presbyteri
375 4504 408 4559 et
429 4493 536 4579 plures
560 4494 613 4559 alii
635 4492 789 4557 biberunt
810 4492 961 4578 licopium
984 4500 1017 4555 et
1039 4491 1169 4555 fuerunt
1193 4488 1268 4553 dicti
1288 4487 1361 4552 libri

170 4620 376 4657 „ta-

171 4718 251 4776 2141.
275 4733 288 4756 ¹
306 4723 361 4772 Das
379 4721 517 4788 Folgeude
534 4722 608 4773 fehlt.

222 4815 329 4857 roem
348 4815 452 4860 unus.
471 4816 564 4861 arar.
1174 4805 1207 4852 20
