3378 5306
1319 461 1340 528 5

147 654 198 719 vel
229 652 419 739 indignetur
440 656 609 719 occasione
632 653 719 719 dicte
743 654 960 739 dissensionis,
984 656 1088 719 eciam
1110 656 1251 720 caritatis
1274 655 1341 719 vin-

148 758 259 823 culum
290 759 383 823 iuxta
412 758 589 845 principale
612 759 724 844 regule
737 769 936 845 preceptum
959 761 1112 845 precipue
1135 757 1341 824 custodiatur.

146 864 220 929 Hoc
236 865 323 928 enim
339 865 456 928 caritas
472 873 507 928 ut
522 865 567 929 ait
581 864 761 929 leronimus
776 864 879 929 solum
902 863 1009 929 reddit
1030 864 1191 929 hominem
1215 863 1276 929 deo
1297 866 1342 928 vi-

147 977 289 1051 ventem,
313 967 374 1032 hec
397 967 573 1053 religiosos,
596 968 659 1033 hec
681 969 855 1034 monachos
878 969 965 1053 facit,
989 971 1057 1033 sine
1073 969 1135 1033 hac
1150 971 1343 1033 monasteria

147 1082 222 1138 sunt
251 1082 383 1156 tartara,
415 1072 631 1138 inhabitantes
663 1083 737 1138 sunt
767 1073 929 1157 demones,
962 1096 1036 1140 cum
1067 1074 1129 1138 hac
1159 1096 1236 1138 vero
1268 1082 1343 1138 sunt

146 1176 319 1265 paradisus
349 1180 383 1243 in
413 1181 507 1243 terris
538 1190 570 1243 et
600 1181 632 1243 in
662 1181 707 1243 eis
731 1179 885 1263 degentes
908 1191 983 1244 sunt
1004 1179 1119 1265 angeli.
1165 1179 1274 1265 thue
1298 1176 1341 1242 di·

147 1283 249 1348 leccio
283 1284 422 1347 coriatis
457 1283 609 1367 fraterno,
644 1306 741 1369 quam
771 1285 913 1348 vicissim
944 1307 986 1348 ex
1017 1284 1137 1348 domini
1167 1292 1199 1348 et
1229 1282 1341 1369 regule

147 1389 309 1473 preceptis
337 1386 494 1451 exhibere
524 1395 684 1472 tenentur,
715 1410 779 1452 non
811 1386 950 1472 decidat,
982 1410 1046 1454 non
1076 1386 1229 1473 algescat,
1264 1409 1341 1474 ymo

147 1493 257 1556 verius
280 1492 400 1576 passim
423 1501 588 1556 sucrescat
610 1491 652 1556 ad
675 1491 864 1577 profectum,
887 1490 1029 1577 prelatus
1051 1501 1083 1557 et
1098 1492 1213 1556 fratres
1230 1514 1341 1578 supra-

147 1597 302 1661 nominati
331 1597 526 1659 unanimiter
556 1605 589 1660 et
611 1595 814 1661 concorditer
835 1598 956 1661 vivant.
988 1597 1061 1661 Hac
1084 1605 1133 1660 est
1155 1597 1240 1660 enim
1263 1618 1343 1660 vera

146 1702 215 1765 vita
245 1698 308 1783 dei,
340 1721 404 1764 non
435 1698 576 1786 dyaboli,
609 1722 686 1765 vere
716 1702 954 1781 monasterium,
985 1723 1051 1765 non
1080 1701 1234 1785 infernus,
1263 1723 1343 1765 vera

146 1807 215 1869 vita
243 1803 403 1887 religiosa,
433 1825 498 1869 non
527 1804 709 1890 dyabolica,
733 1814 865 1869 econtra
886 1804 974 1869 nulla
996 1807 1072 1889 vita,
1095 1827 1154 1891 pro
1178 1815 1265 1871 certo
1289 1804 1342 1869 de·

147 1910 245 1974 terior
267 1930 365 1994 qnam
388 1907 481 1973 simul
505 1908 625 1993 degere
648 1907 746 1973 cordo
770 1919 802 1973 et
824 1931 887 1974 non
910 1918 1018 1974 mente
1042 1918 1074 1974 et
1096 1931 1173 1975 vere
1197 1909 1342 1974 infelices

148 2023 234 2097 sunt,
266 2011 384 2099 quibus
413 2034 476 2078 non
509 2015 593 2078 inest
623 2036 697 2096 una,
729 2012 787 2077 sed
818 2012 948 2078 diversa
976 2013 1135 2079 voluntas.
1184 2013 1341 2079 Volumus

149 2122 254 2184 eciam
284 2127 317 2183 et
345 2116 460 2182 eadem
490 2120 679 2183 auctoritate
709 2117 939 2199 ordinavimus,
963 2117 1050 2205 quod
1072 2129 1137 2183 tres
1160 2119 1275 2183 fratres
1299 2118 1341 2184 ad

147 2226 254 2290 minus
285 2222 454 2288 discursivi
486 2233 520 2287 et
549 2222 674 2288 habiles
704 2222 746 2288 ad
777 2222 848 2288 loca
879 2223 963 2288 bene
995 2222 1142 2309 regulata
1165 2232 1197 2288 et
1220 2226 1344 2289 sancita

149 2329 329 2414 dirigantur
359 2329 402 2393 ad
424 2329 519 2393 unius
542 2330 617 2393 anni
641 2330 786 2414 spacium
808 2327 850 2393 ad
874 2330 979 2392 minus
1001 2327 1122 2393 ibidem
1146 2331 1289 2393 mansuri
1312 2338 1344 2393 et

147 2433 202 2500 alii
236 2435 269 2498 in
303 2433 515 2499 observanoia
548 2432 689 2518 regulari
721 2433 803 2498 bene
833 2434 966 2498 instituti
995 2433 1066 2497 loco
1096 2435 1237 2519 ipsorum
1266 2435 1344 2498 reci·

147 2542 287 2624 piantur,
310 2536 433 2603 tamdiu
448 2547 680 2602 conserventur
695 2546 728 2603 et
742 2539 909 2602 caritative
924 2545 1170 2624 pertractentur,
1195 2539 1249 2623 qui
1265 2537 1343 2602 alios

147 2646 182 2708 in
203 2644 398 2708 monasterio
420 2644 596 2708 existentes
619 2644 739 2728 pariter
761 2652 794 2707 et
814 2644 921 2728 ipsum
936 2641 1095 2727 prelatum
1110 2644 1144 2706 in
1159 2644 1343 2706 monasticis

148 2747 327 2834 disciplinis
356 2746 495 2812 fideliter
523 2748 690 2812 instituant
716 2756 748 2811 et
769 2747 951 2830 informent,
975 2749 1101 2833 sintque
1125 2757 1157 2810 et
1177 2748 1255 2831 ipsis
1280 2745 1343 2810 duo

148 2853 201 2918 vel
224 2852 278 2917 alii
300 2851 342 2917 de
366 2873 476 2917 eorum
499 2851 630 2915 consilio
653 2850 779 2917 adhoc
801 2850 920 2939 ydonei
942 2873 1026 2916 unus
1048 2853 1148 2937 ipsius
1171 2849 1285 2935 prelati
1306 2860 1343 2914 ut
1411 2866 1413 2869 ·

147 2978 265 3022 manus
296 2955 433 3021 dextera
463 2955 606 3021 deosum
636 2965 668 3020 et
697 2955 777 3021 alter
807 2965 843 3020 ut
866 2977 979 3019 manus
1002 2957 1129 3019 sinistra
1152 2964 1343 3041 procurator

148 3061 192 3127 ab
222 3063 321 3148 ipsius
351 3059 465 3147 prelati
494 3059 670 3145 voluntate,
701 3069 856 3146 quantum
883 3081 957 3123 cum
981 3058 1042 3124 deo
1066 3069 1097 3124 et
1120 3058 1211 3124 salva
1234 3058 1343 3124 obser·

148 3169 268 3231 vancia
290 3166 433 3250 regulari
455 3175 589 3252 possunt
609 3168 643 3229 in
665 3164 751 3229 nullo
775 3164 1004 3250 discrepantes,
1028 3163 1085 3228 sed
1109 3166 1249 3228 omnium
1279 3165 1343 3229 ani·

149 3293 229 3355 mos,
253 3281 409 3357 quantum
431 3273 463 3335 in
487 3293 521 3335 se
542 3280 599 3355 est,
622 3271 655 3334 in
671 3268 826 3356 sepedicti
841 3267 955 3354 prelati
972 3269 1209 3350 confirmantes,
1232 3291 1252 3332 a
1267 3290 1343 3355 quo·

149 3399 221 3441 rum
253 3378 356 3440 eciam
383 3377 514 3441 consilio
536 3375 679 3461 prelatus
702 3376 772 3460 ipse
794 3397 857 3439 non
881 3372 976 3438 facile
999 3372 1180 3438 dissenciat.
1228 3373 1344 3459 Super-

149 3480 267 3546 barum
297 3502 435 3567 namque
467 3484 766 3566 insensatarumque
796 3480 958 3543 mencium
990 3488 1039 3542 est
1069 3500 1127 3542 suo
1150 3487 1274 3543 tantum
1299 3481 1344 3544 uti

150 3584 281 3650 consilio
304 3584 511 3671 attendatque
534 3584 712 3670 diligenter,
736 3606 834 3670 quam
856 3585 965 3669 gravis
986 3584 1134 3669 imposita
1150 3591 1199 3647 est
1214 3584 1342 3647 sarcina

150 3690 304 3773 humeris,
327 3692 382 3776 qni
405 3689 445 3753 de
468 3688 668 3755 subditorum
691 3688 859 3753 animabus
882 3688 924 3752 de
948 3709 1081 3773 corpore
1105 3686 1146 3751 de
1171 3686 1280 3751 verbis
1303 3686 1345 3752 de

151 3794 294 3860 moribus
317 3793 477 3879 obligatur
498 3804 578 3879 aput
600 3793 746 3858 divinum
769 3814 908 3857 examen
929 3791 1069 3857 reddere
1089 3792 1260 3857 racionem.
1285 3789 1345 3855 Oa-

150 3910 226 3965 veat
255 3901 353 3984 igitur
381 3921 565 3985 quesumus,
596 3922 637 3964 ne
667 3897 708 3963 de
738 3920 773 3962 se
804 3900 908 3962 eciam
934 3896 1014 3961 levis
1036 3897 1175 3982 suspicio
1197 3896 1231 3959 in
1254 3894 1341 3961 malo

150 4006 250 4090 possit
272 4005 356 4088 oriri,
379 4027 421 4068 ne
440 4003 612 4089 dispergat,
637 4025 716 4088 quos
732 4011 866 4066 conatur
881 4000 1032 4084 educere,
1056 4000 1114 4064 sed
1131 4002 1217 4064 circa
1233 4021 1345 4064 omnes

151 4132 186 4174 se
207 4112 315 4195 ipsum
336 4108 494 4173 bonorum
516 4130 649 4193 operum
672 4107 808 4193 prebeat
830 4105 1015 4191 exemplum
1038 4103 1217 4169 secundum
1233 4104 1345 4187 regule

151 4212 349 4280 mandatum.
379 4212 433 4277 Sic
456 4211 603 4277 ordinata
625 4215 671 4276 sic
695 4213 816 4277 racioni
832 4210 1008 4275 conformia
1023 4208 1176 4274 mandata
1191 4209 1345 4274 fratribus

153 4318 305 4404 proferat,
337 4327 372 4382 ut
395 4319 497 4382 eciam
522 4315 699 4402 depravate
722 4315 929 4402 superbeque
951 4326 1075 4379 mentes
1098 4317 1281 4378 animentur
1303 4313 1346 4378 ad

153 4423 341 4489 obediencie
372 4425 512 4503 semitas,
543 4424 589 4486 sic
621 4421 723 4486 dulcis
754 4423 800 4485 sic
831 4421 914 4519 miqis
945 4422 986 4484 sit
1013 4441 1127 4502 sermo,
1151 4428 1187 4483 ut
1209 4417 1344 4482 duriciei

153 4529 294 4594 furorem
323 4550 388 4593 non
418 4530 559 4610 suscitet,
591 4526 650 4592 sed
680 4526 810 4611 frangat
841 4530 998 4592 exortum.
1045 4524 1099 4590 Sic
1130 4545 1208 4607 erga
1237 4523 1346 4587 inobe-

155 4632 278 4697 dientes
307 4632 407 4697 virilis
438 4642 470 4695 et
500 4641 650 4696 constans
678 4633 718 4695 sit
740 4633 876 4714 animus,
899 4637 934 4694 ut
956 4629 1058 4694 omnis
1081 4627 1247 4693 muliebris
1270 4626 1346 4691 mol-

156 4735 242 4802 licies
266 4736 413 4803 discedat
440 4736 596 4817 emedio,
629 4734 821 4801 excidantur
843 4736 876 4798 in
899 4743 988 4798 ortus
1010 4730 1193 4819 primordia,
1218 4752 1346 4817 vepres,
