3388 5302
333 397 394 461 148

329 588 437 654 buisse
460 611 522 653 nec
547 591 643 653 etiam
665 590 698 652 in
721 587 810 654 bulla
832 610 890 654 seu
913 590 1069 675 rescripto
1091 588 1144 653 illo
1168 591 1271 654 cesari
1295 587 1369 654 dato
1392 591 1523 654 sanctis·

328 696 444 759 simum
476 693 641 759 dominum
671 702 815 759 nostrum
843 693 905 758 illis
936 692 1093 778 derogare
1124 715 1185 758 nec
1207 693 1286 758 illud
1309 693 1449 759 voluisse
1470 692 1524 758 vel

329 798 525 885 disposuisse
547 808 693 884 apparet.
725 799 838 884 Itaque
860 821 923 864 nec
946 797 1108 863 defectum
1130 799 1321 863 intensionis
1335 797 1449 864 tollunt
1462 819 1524 863 nec

327 906 377 969 ius
400 905 501 988 tercii,
531 905 599 969 sive
621 902 701 968 illud
724 913 874 969 causetur
896 926 940 968 ex
962 905 1032 968 iure
1054 904 1206 988 gencium
1228 904 1298 967 sive
1320 924 1364 967 ex
1385 904 1455 968 iure
1471 925 1524 988 po·

329 1011 434 1075 sitivo.
473 1008 546 1089 Que
569 1030 644 1074 cum
666 1010 711 1074 ita
733 1010 806 1092 sint,
829 1031 888 1074 nos
902 1006 1097 1075 Wilhelmus
1119 1009 1309 1094 prepositus,
1334 1007 1524 1073 Valentinus

328 1113 473 1179 decanus
496 1135 536 1179 ac
558 1112 733 1199 capitulum
755 1112 904 1197 prelibati
921 1123 1051 1200 propter
1066 1112 1187 1178 dictam
1206 1112 1428 1199 pretensssmb
1451 1134 1524 1178 con·

328 1219 550 1285 firmacionem
584 1229 616 1284 et
645 1239 833 1304 processum
861 1217 949 1284 nullo
978 1220 1056 1283 iuris
1086 1217 1198 1283 ordine
1229 1227 1356 1283 servato
1378 1217 1524 1283 habitum

327 1332 483 1410 tanquam
512 1344 576 1387 non
605 1325 713 1388 vocati
742 1345 804 1389 nec
834 1322 935 1388 auditi
964 1345 1026 1388 nec
1048 1322 1092 1388 ad
1114 1322 1256 1408 aliquam
1277 1325 1376 1387 nostri
1399 1321 1524 1387 defens·

328 1428 473 1493 sioneml
496 1427 637 1510 admissi,
660 1426 748 1514 quod
770 1437 878 1494 temen
901 1449 960 1513 per
981 1437 1206 1514 procuratores
1228 1437 1353 1492 nostros
1377 1449 1450 1492 cum
1470 1426 1523 1492 de·

326 1533 396 1598 hita
417 1534 576 1598 instancia
597 1535 770 1619 petivimus
793 1542 826 1596 et
848 1535 1043 1618 rogavimus,
1066 1542 1100 1597 et
1121 1532 1183 1597 alia
1205 1531 1392 1618 multiplicia
1410 1553 1523 1616 grava·

327 1640 424 1722 mina,
453 1659 517 1724 que
548 1659 606 1702 suo
635 1647 791 1723 tempore,
822 1646 918 1723 prout
947 1634 989 1703 de
1016 1639 1086 1702 iure
1108 1659 1277 1724 possumus
1301 1646 1334 1701 et
1356 1636 1524 1719 debemus,

328 1742 494 1807 deducere
515 1744 621 1828 parati
644 1764 764 1825 sumus,
789 1742 830 1806 de
853 1741 970 1829 quibus
994 1742 1152 1828 omnibus,
1176 1744 1203 1807 si
1226 1744 1446 1808 sanctissimus
1469 1741 1523 1807 do

327 1850 433 1913 minue
462 1856 572 1913 noster
595 1868 739 1912 summus
762 1846 908 1933 pontifex
930 1847 1025 1934 plene
1047 1847 1161 1913 fuisset
1182 1847 1381 1931 informatus,
1405 1868 1524 1933 nequa·

328 1974 427 2039 quam
458 1951 710 2038 presumendum
740 1959 790 2016 est
811 1954 1012 2017 sanctitatem
1035 1973 1160 2018 sumam
1183 1951 1361 2039 quidquam
1382 1951 1447 2018 tale
1468 1951 1524 2017 ad-

327 2058 453 2122 mittere
487 2055 636 2121 voluisse.
682 2056 872 2123 sancientes
904 2058 1002 2142 igitur
1034 2078 1093 2122 nos
1126 2056 1328 2143 supradictos
1361 2079 1400 2121 ac
1432 2056 1524 2122 nobis

328 2160 525 2226 adherentes
548 2183 607 2226 seu
629 2160 789 2226 adherere
811 2159 956 2227 valentes
980 2183 1020 2226 ae
1041 2164 1114 2227 iura
1143 2183 1196 2227 res
1226 2172 1323 2248 atque
1353 2160 1525 2227 ecclesiam

327 2275 472 2331 nostram
494 2269 705 2332 communiter
728 2276 761 2331 et
783 2265 910 2331 divisim
933 2265 1151 2352 multipliciter
1173 2275 1324 2352 gravatos
1347 2268 1426 2331 etin
1441 2266 1524 2331 futu-

327 2392 399 2435 rum
422 2369 493 2457 plus
516 2373 646 2456 gravari
668 2392 763 2457 posse
785 2394 805 2436 a
821 2370 915 2437 dictis
930 2370 1174 2457 gravaminibus
1189 2371 1284 2437 illatis
1301 2381 1333 2437 et
1346 2370 1524 2436 inferendis

329 2496 604 2561 censurarumque
635 2483 668 2540 et
690 2497 899 2561 processuum
922 2475 1205 2541 comminatoribus
1228 2475 1376 2541 omnibus
1397 2475 1466 2541 aliis
1489 2484 1522 2540 et

328 2579 461 2665 singulis
491 2579 612 2644 exinde
639 2582 758 2644 secutis
785 2602 843 2645 seu
867 2579 1040 2665 sequendis
1062 2602 1101 2645 ac
1125 2582 1240 2646 ceteris
1263 2580 1520 2667 quibuscumque

328 2684 513 2771 preiudiciis
542 2684 637 2749 illatis
669 2706 727 2749 seu
755 2685 931 2750 inferendis
953 2685 1052 2751 nichil
1075 2685 1162 2751 aliud
1185 2695 1332 2773 petentes
1356 2708 1454 2773 quam
1475 2687 1520 2751 iu·

277 2832 278 2836 =
327 2791 418 2853 sticie
445 2788 771 2874 administracionem,
804 2812 867 2877 que
897 2789 975 2855 nulli
1005 2813 1078 2856 eam
1099 2793 1222 2877 petenti
1245 2801 1294 2857 est
1315 2789 1519 2877 deneganda,

327 2915 425 2980 quam
455 2896 551 2958 etiam
581 2893 785 2980 presentibus
812 2894 988 2960 humillime
1020 2905 1052 2960 et
1082 2895 1168 2981 quod
1194 2917 1375 2983 possumus,
1402 2899 1519 2962 instan-

268 3082 269 3085 ,
326 3000 447 3064 tissime
468 3000 608 3085 petimus
631 3008 663 3065 et
684 3002 816 3086 petitam
840 3022 911 3065 esse
933 3007 1148 3086 protestamur
1170 3000 1354 3066 solemniter
1375 3010 1408 3065 et
1426 3010 1521 3087 prout

328 3103 368 3167 de
396 3105 466 3168 iure
488 3113 599 3189 petere
621 3125 792 3190 possumus
815 3114 912 3191 atque
936 3104 1093 3170 debemus
1115 3127 1174 3191 pro
1197 3104 1288 3170 nobis
1309 3128 1350 3170 ac
1372 3105 1519 3171 omnibus

326 3209 395 3272 aliis
418 3208 610 3294 supradictis
634 3216 666 3273 et
688 3218 724 3273 ut
745 3209 916 3294 prefertur,
940 3208 1032 3274 nobis
1055 3207 1285 3274 adherentibus
1305 3232 1345 3275 ac
1360 3208 1518 3275 adherere

325 3313 507 3378 volentibus
537 3312 581 3378 ad
610 3316 847 3379 sanctissimum
875 3314 1041 3380 dominum
1068 3323 1213 3380 nost1um
1236 3336 1396 3380 summum
1418 3319 1519 3402 ponti·

325 3419 421 3483 ficem
443 3420 566 3484 eteius
589 3428 735 3484 sanctam
757 3419 869 3484 sedem
891 3419 1110 3505 apostolicam,
1133 3428 1289 3506 tanquam
1304 3441 1363 3505 per
1378 3419 1519 3486 adversa

326 3525 454 3607 motiva,
485 3525 628 3610 iniquam
658 3526 896 3610 suggestionem
927 3534 959 3589 et
992 3523 1136 3590 odiosam
1170 3523 1427 3590 declaracionem
1460 3547 1518 3591 seu

325 3630 541 3715 importunam
571 3651 706 3714 precum
733 3630 893 3694 instancia
916 3629 1084 3694 seductum
1108 3651 1165 3693 seu
1188 3631 1296 3695 verius
1320 3631 1517 3695 circumven-

325 3742 394 3797 tum
423 3732 466 3796 ad
495 3733 580 3796 bene
611 3741 644 3797 et
672 3730 786 3798 melius
817 3732 1055 3798 informandum
1077 3735 1110 3798 in
1133 3732 1194 3798 hiis
1217 3735 1343 3819 scriptis
1366 3755 1517 3820 provoca·

325 3841 430 3902 vimus
452 3836 686 3923 appellavimus
709 3837 961 3923 supplicavimus
984 3849 1018 3903 et
1031 3836 1278 3904 reclamavimus
1293 3859 1516 3924 provocamus

325 3964 389 4028 que
418 3940 619 4029 appellamus
649 3941 845 4028 suplicamus
876 3964 916 4006 ac
946 3942 1160 4008 reclamamus
1184 3964 1258 4007 cum
1280 3946 1517 4028 protestacione

325 4045 367 4109 de
400 4046 626 4133 prosequendo
659 4046 842 4112 huiusmodi
875 4055 1017 4112 nostram
1050 4046 1306 4133 appellacionem
1339 4056 1372 4112 et
1401 4050 1516 4115 ceteris

325 4150 476 4216 clausulis
506 4152 671 4237 oportunis
701 4151 799 4217 solitis
830 4161 862 4217 et
893 4154 1052 4217 consuetis
1080 4150 1169 4217 salvo
1192 4151 1262 4216 iure
1284 4150 1428 4217 addendi
1450 4176 1516 4219 mu·

324 4254 413 4319 tandi
444 4264 476 4321 et
504 4254 671 4320 minuendi
701 4267 733 4320 et
763 4256 945 4341 corrigendi
967 4278 1007 4321 ac
1029 4255 1126 4321 aliam
1150 4256 1200 4321 vel
1222 4256 1302 4322 alias
1324 4256 1516 4343 appellaeio

323 4381 399 4424 nem
421 4361 490 4425 sive
513 4358 751 4447 appellaciones
774 4361 816 4425 de
838 4383 923 4425 novo
938 4361 1163 4447 interponendi
1178 4361 1332 4449 aliasque,
1348 4372 1444 4448 prout
1457 4363 1517 4428 fuit

324 4473 357 4529 et
379 4473 428 4530 est
449 4465 556 4548 moris,
580 4467 668 4530 curie
691 4474 789 4553 atque
813 4466 885 4550 stili,
909 4487 1006 4551 super
1028 4465 1146 4551 quibus
1169 4466 1316 4532 omnibus
1337 4477 1369 4533 et
1383 4467 1516 4554 singulis

323 4688 407 4744 1932.
428 4693 442 4725 ὓ
460 4692 524 4741 (lod.
