3364 5300
1289 455 1353 522 239

159 643 231 727 lem,
259 644 293 709 in
322 644 414 710 cuius
442 645 489 709 rei
515 644 731 710 testimonium
759 654 792 709 et
812 643 912 711 fidem
933 646 1064 732 propria
1085 667 1183 712 manu
1205 669 1258 713 me
1280 646 1354 713 sub·

159 750 282 834 scripsi.

262 853 334 939 Ego
357 852 496 919 Ioannes
518 852 816 938 Kaltenmarckter,
839 855 957 920 artium
979 853 1184 923 decretorum
1207 865 1239 922 ct
1261 878 1353 923 sacre

157 956 317 1043 theologie
348 956 469 1042 doctor,
500 960 676 1023 cononicus
707 957 844 1023 ecclesie
875 967 907 1024 ct
933 961 1022 1025 curie
1045 960 1247 1027 Pataviensis
1269 962 1354 1028 infra

157 1062 305 1128 Anasum
333 1064 367 1150 in
395 1060 614 1149 spiritualibus
637 1060 782 1127 officialis
803 1061 975 1148 generalis,
999 1063 1041 1129 de
1064 1087 1223 1130 consensu
1246 1075 1279 1132 et
1300 1089 1354 1132 vo-

157 1165 280 1232 luntate
313 1176 492 1232 conventus
525 1167 709 1232 monasterii
740 1165 952 1233 Gotwieensis
981 1167 1183 1234 Pateviensis
1216 1169 1354 1236 diocesis

158 1271 344 1358 supradicte
373 1269 536 1337 electionis
567 1272 862 1356 compromissarius
893 1281 926 1337 et
954 1280 1114 1339 scrutator
1136 1273 1219 1360 elegi
1241 1276 1275 1339 in
1297 1274 1353 1341 ab·

157 1375 266 1443 batem
295 1377 413 1464 prefati
441 1379 625 1441 monasterii
648 1374 862 1441 Gotwicensis
891 1379 1025 1443 sevies
1047 1400 1193 1445 meorum
1215 1378 1351 1465 collega·

159 1505 230 1548 rum
262 1491 294 1547 et
316 1503 389 1548 mea
411 1483 578 1568 tociusque
601 1489 779 1546 conventus
801 1480 939 1569 predicti
961 1481 1099 1549 electum
1122 1486 1354 1570 pronuueciari

158 1585 376 1653 venerabilem
407 1596 440 1651 et
467 1585 651 1672 religiosum
681 1588 788 1652 virum
809 1585 942 1653 fratrem
965 1585 1122 1654 Mathiam
1145 1587 1187 1653 de
1209 1588 1353 1655 Krembs

158 1691 302 1758 eiusdem
325 1693 509 1757 monasterii
532 1689 788 1757 conventualem.
834 1691 874 1756 In
897 1693 988 1758 cuius
1010 1695 1057 1758 rei
1079 1696 1297 1761 testimonium
1320 1704 1353 1760 et

157 1796 256 1862 tidem
279 1798 409 1882 propria
430 1818 529 1861 manu
551 1817 625 1860 mea
645 1817 699 1860 me
721 1795 909 1881 subscripsi.

260 1900 332 1986 Ego
355 1899 524 1967 Corradus
547 1898 643 1985 thl,
667 1900 804 1966 ecclesie
819 1898 1019 1966 Ardacensis
1042 1900 1197 1987 decanus,
1220 1901 1261 1968 de
1278 1925 1352 1970 con·

158 2029 255 2073 sensu
277 2014 310 2072 et
332 2005 496 2073 voluntate
519 2014 697 2071 conventus
720 2007 904 2072 monasterii
920 2005 1133 2075 Gotwieeusis
1148 2008 1352 2075 Pataviensis

157 2111 294 2178 diocesis
323 2120 498 2177 memorate
529 2110 693 2176 electionis
716 2112 1011 2197 compromissarios
1034 2122 1066 2178 et
1088 2122 1247 2179 scrutator
1269 2112 1353 2201 elegi

156 2219 188 2282 in
218 2215 373 2283 abbatem
402 2215 519 2301 prefati
548 2216 734 2281 monasterii
757 2214 969 2281 Gotwicensis
999 2238 1039 2281 ac
1060 2218 1133 2283 rice
1156 2216 1353 2304 collegarum

156 2343 304 2388 meorum
333 2330 366 2386 et
394 2342 468 2385 mea
497 2322 663 2406 tociusque
692 2329 870 2386 conventus
892 2319 1030 2407 predicti
1054 2320 1193 2388 electum
1215 2344 1352 2408 pronun·

157 2428 229 2492 tiari
252 2425 316 2490 feci
338 2424 558 2490 venerabilem
582 2436 614 2490 et
635 2424 821 2511 religiosum
843 2427 949 2490 virum
971 2425 1106 2491 fratrem
1127 2426 1285 2492 Mathisrn
1309 2427 1352 2494 de

155 2528 299 2596 Krembs
330 2529 475 2595 eiusdem
503 2531 689 2595 monasterii
716 2528 906 2615 professum.
952 2530 990 2595 In
1014 2532 1105 2595 cuius
1128 2532 1174 2595 rei
1197 2529 1296 2597 fidem
1320 2542 1353 2596 et

155 2636 373 2701 testimonium
394 2656 447 2699 me
469 2657 568 2699 manu
589 2637 719 2721 propria
741 2631 927 2720 subscripsi.

260 2738 331 2824 Ego
361 2739 463 2805 frater
483 2738 605 2804 Paulus
634 2741 776 2804 vicarius
805 2740 948 2825 presenti
971 2738 1127 2804 eleccioni
1150 2743 1298 2807 consensi
1320 2751 1352 2808 et

156 2845 339 2928 consensio,
367 2842 441 2908 ideo
470 2866 522 2909 me
551 2843 628 2908 huic
658 2842 789 2909 decreto
815 2865 914 2909 manu
936 2846 1067 2930 propria
1089 2867 1147 2931 pro
1170 2847 1351 2911 testimonio

156 2948 343 3037 subscripsi.

261 3053 333 3140 Ego
362 3052 463 3118 frater
485 3051 679 3119 Wilhelmus
705 3055 793 3139 prior
814 3055 957 3140 presenti
979 3051 1127 3119 electioni
1151 3057 1298 3119 consensi
1321 3067 1354 3122 et

157 3160 339 3243 consensio,
370 3156 443 3224 ideo
475 3157 550 3222 huie
579 3181 632 3223 me
663 3158 794 3223 decreto
817 3181 916 3224 manu
938 3159 1070 3245 propria
1092 3180 1149 3244 pro
1172 3161 1352 3225 testimonio

157 3263 343 3349 subscripsi.

261 3368 332 3455 Ego
362 3367 465 3434 frater
487 3367 656 3433 Erherdus
679 3370 785 3433 senior
806 3370 948 3453 presenti
972 3368 1126 3433 eleccioni
1149 3370 1297 3433 consensi
1319 3378 1353 3434 et

156 3476 338 3559 consensio,
368 3471 441 3538 ideo
471 3472 546 3537 huic
577 3494 629 3537 me
662 3471 794 3538 decreto
817 3495 917 3538 manu
938 3474 1069 3559 propria
1089 3493 1148 3560 pro
1171 3474 1352 3538 testimonio

157 3577 343 3663 subscripsi.

259 3682 332 3767 Ego
351 3681 452 3747 frater
466 3682 665 3747 Vincencius
685 3684 827 3767 presenti
843 3681 996 3746 eleccioni
1012 3682 1159 3747 consensi
1175 3689 1207 3746 et
1222 3703 1351 3747 consen·

157 3790 214 3872 cio,
239 3786 313 3851 ideo
333 3786 409 3852 huic
423 3809 475 3852 me
492 3784 622 3852 decreto
639 3808 737 3851 manu
751 3788 882 3872 proprie
896 3807 954 3871 pro
969 3787 1149 3851 testimonio
1163 3783 1351 3871 subscripsi.

261 3892 332 3979 Ego
354 3891 455 3957 frater
476 3890 637 3956 Iohannes
660 3890 702 3955 de
724 3890 847 3956 Zwetel
869 3892 1010 3977 presenti
1033 3888 1182 3956 electioni
1204 3892 1352 3956 consensi

157 4009 189 4064 et
210 3999 386 4081 consentio,
410 3996 482 4062 ideo
505 3996 580 4062 huie
602 4018 655 4061 me
679 3994 809 4061 decreto
831 4017 930 4061 manu
953 3997 1083 4081 propria
1098 4016 1156 4081 pro
1172 3997 1352 4061 testimonio

156 4103 342 4189 subscripsi.

260 4206 332 4292 Ego
354 4206 456 4272 frater
477 4204 630 4272 Andreas
653 4204 694 4270 de
717 4204 791 4270 Palt
812 4205 955 4291 presenti
978 4203 1133 4270 eleccioni
1155 4206 1305 4270 consensi
1320 4216 1353 4271 et

156 4313 333 4395 consentio,
363 4310 436 4376 ideo
465 4310 542 4377 huic
571 4333 624 4376 me
654 4309 786 4375 decreto
815 4332 914 4375 manu
937 4311 1067 4396 propria
1089 4332 1148 4396 pro
1170 4312 1351 4376 testimonio

157 4416 343 4502 subscripsi.

260 4521 333 4608 Ego
355 4522 456 4587 trater
476 4519 647 4587 Conradus
670 4517 712 4584 de
734 4518 922 4606 Weylhaim
946 4521 1087 4605 presenti
1109 4517 1255 4584 electioni
1279 4541 1352 4585 eon·

158 4628 243 4692 sensi
277 4634 310 4691 et
339 4627 515 4709 consentio,
548 4624 622 4689 ideo
651 4646 703 4689 me
735 4623 812 4689 huic
844 4622 976 4689 decreto
1005 4645 1104 4690 mauu
1134 4625 1264 4709 proprie
1293 4645 1353 4709 pro

159 4732 337 4796 testimonio
360 4728 545 4815 subscripsi.
