3364 5300
1299 393 1359 457 189

164 580 278 646 sedern
312 581 522 668 apostolicam
555 584 615 647 rite
650 592 683 647 et
716 582 870 669 legittime
903 584 979 650 licet
1011 585 1055 650 ad
1085 587 1164 650 tanti
1194 587 1360 673 regiminis

164 688 408 774 susceptionem
442 710 505 753 non
539 689 654 753 nostris
688 690 819 772 meritis,
851 689 910 754 sed
940 690 1050 756 divina
1080 689 1269 777 disponente
1299 689 1360 756 cle·

165 795 292 859 mancia
322 793 500 859 confirmati
532 803 563 858 et
591 796 791 859 consecrati¹
814 806 994 862 nostrorum
1018 796 1284 883 predecessorum
1307 820 1360 862 ve·

165 900 266 984 stigiis
296 900 488 984 ingerentes
518 907 677 985 quatenus
704 902 850 964 scissuris
875 901 1108 967 calamitatibus
1131 911 1164 967 et
1186 904 1360 988 erumpnis,

166 1002 282 1089 quibus
314 1002 400 1068 dicta
430 1003 567 1069 ecclesia
597 1013 705 1068 nostra
728 1005 929 1070 pataviensis
956 1029 976 1071 a
998 1005 1147 1091 pluribus
1170 1010 1234 1072 iam
1257 1017 1359 1093 prete-

166 1110 233 1173 ritis
264 1109 357 1173 annis
386 1116 454 1172 tum
478 1131 537 1194 per
560 1108 718 1174 hereticos
740 1119 809 1174 tum
831 1112 929 1175 etiam
951 1133 1010 1197 per
1033 1113 1185 1177 continua
1207 1109 1295 1176 bella
1317 1115 1360 1176 in·

165 1215 283 1278 testina
313 1223 408 1299 atque
440 1213 547 1278 civilia
576 1217 644 1279 sive
675 1217 860 1280 cassacione
895 1215 1016 1281 afflicta
1050 1226 1082 1281 et
1115 1238 1269 1302 oppressa
1301 1217 1362 1283 fuit

167 1326 198 1382 et
221 1327 279 1402 est,
303 1319 430 1382 attentis
452 1340 511 1382 vos
534 1341 645 1383 omnes
669 1330 701 1384 et
716 1320 857 1405 singulos
873 1320 1073 1406 supradictos
1089 1330 1121 1385 et
1135 1343 1236 1386 unum
1252 1343 1362 1407 quem-

167 1421 244 1486 libet
273 1425 305 1486 in
329 1421 458 1487 domino
481 1422 691 1488 exhortamur
713 1447 752 1489 ac
776 1427 871 1489 etiam
894 1425 987 1490 vobis
1011 1435 1043 1490 et
1066 1426 1195 1490 cuilibet
1216 1436 1361 1491 vestrum

166 1529 198 1591 in
227 1529 347 1591 virtute
378 1535 490 1592 sancte
520 1527 710 1593 obediencie
742 1532 967 1595 committimus
998 1539 1030 1596 et
1060 1529 1261 1612 mandamus,
1285 1553 1361 1616 qua-

166 1642 258 1697 tenus
288 1642 396 1697 nostro
426 1635 555 1698 nomine
578 1632 756 1699 honorabili
781 1634 897 1700 devoto
921 1646 1028 1701 nostro
1052 1635 1170 1700 dilecto
1186 1636 1361 1701 Waltasari

167 1738 410 1823 Mausaperger,
436 1736 560 1804 decano
583 1741 615 1804 in
638 1740 835 1823 Mauttarnn,
860 1744 1082 1828 unusquisque
1104 1751 1248 1807 vestrum
1270 1743 1362 1806 iuxta

167 1853 199 1908 et
232 1842 411 1907 secundum
446 1843 633 1929 qualitatem
669 1845 860 1931 dignitatum
893 1846 1126 1911 beneficiorum
1156 1856 1188 1910 et
1221 1854 1362 1911 statuum

166 1956 348 2012 vestrorum
382 1969 509 2014 necnon
538 1951 703 2036 antiquam
733 1953 765 2015 in
796 1950 858 2015 hac
888 1961 997 2016 nostra
1028 1950 1147 2015 diocesi
1176 1951 1362 2016 Patariensi

167 2051 373 2117 observatam
403 2054 668 2119 consuetudinem
699 2057 833 2120 terciam
863 2065 989 2141 partem
1016 2054 1236 2121 absentiarum
1265 2055 1361 2120 bene·

166 2158 313 2223 ficiorum
335 2167 516 2223 vestrorum
539 2158 730 2245 dignitatum
753 2159 985 2225 beneficiorum
1009 2168 1042 2224 et
1063 2168 1205 2225 statuum
1220 2182 1360 2243 suorum,

167 2272 262 2349 prout
284 2271 316 2326 et
339 2261 612 2348 quemadmodum
635 2267 840 2350 presencium
863 2265 945 2329 lator
966 2265 1104 2329 nuncius
1127 2274 1235 2331 noster
1250 2266 1283 2329 in
1299 2266 1362 2330 hac

166 2376 258 2455 parte
280 2368 404 2433 iuratus
426 2367 518 2433 vobis
542 2379 574 2433 et
597 2369 727 2434 cuilibet
749 2378 893 2435 vestrum
915 2378 1026 2435 taxam
1049 2371 1222 2455 ascriptam
1244 2369 1362 2435 clarius

167 2472 379 2556 enumerabit,
410 2472 494 2538 infra
521 2474 624 2538 XXX
652 2473 778 2539 dierum
800 2476 945 2560 spacium
968 2498 988 2539 a
1011 2472 1063 2538 die
1086 2475 1307 2560 requisicionis
1331 2484 1362 2539 et

167 2580 395 2644 insinuacionis
426 2577 519 2644 vobis
550 2579 704 2664 legittime
733 2580 820 2644 facte
851 2578 1077 2664 computando,
1101 2601 1237 2665 quorum
1259 2579 1361 2644 XXX

169 2682 282 2749 decem
312 2706 371 2770 pro
401 2686 514 2769 prime,
546 2683 661 2749 decem
691 2706 749 2770 pro
780 2684 810 2749 2.
835 2694 867 2750 et
893 2683 1034 2771 reliquos
1057 2683 1172 2749 decem
1193 2706 1251 2769 pro
1275 2684 1305 2748 3.
1330 2695 1362 2749 et

167 2790 380 2874 peremptorio
401 2790 537 2853 termino
560 2788 734 2872 [habeatis]
757 2812 797 2854 ac
819 2792 998 2855 monicione
1022 2792 1186 2854 canonica.
1226 2790 1278 2854 De
1301 2789 1362 2854 hiis

168 2893 324 2958 stabimus
358 2892 512 2957 relacioni
546 2895 656 2959 nuncii
685 2896 791 2978 iurati,
826 2893 964 2960 eandem
996 2894 1026 2959 3.
1058 2893 1206 2959 absentie
1236 2903 1363 2980 partem

168 2997 296 3064 realiter
326 3007 359 3062 et
388 3020 463 3063 cum
493 2997 612 3063 effectu
642 3001 807 3083 assignare
838 3009 871 3063 et
897 2997 1103 3064 contribuere
1125 3021 1189 3064 non
1212 3001 1363 3064 omittatis

169 3103 273 3168 taliter
295 3112 440 3188 agentes,
472 3102 559 3189 quod
583 3103 733 3189 periculis
757 3113 790 3168 et
812 3102 1048 3169 calamitatibus
1072 3102 1158 3169 dicte
1181 3112 1289 3168 nostre
1312 3125 1362 3168 ec·

169 3208 265 3273 clesie
288 3230 308 3272 a
330 3207 524 3294 perdicionis
547 3207 707 3295 alumpnis
728 3208 1001 3292 incumbentibus,
1025 3216 1181 3294 quantum
1204 3207 1296 3273 nobis
1320 3230 1362 3272 ex

168 3314 232 3379 alto
262 3334 454 3378 concessum
484 3312 590 3396 fuerit,
621 3313 795 3379 subvenire
825 3323 858 3379 et
887 3311 1021 3378 obviare
1051 3313 1218 3378 valeamus
1241 3334 1362 3398 vosque

168 3419 312 3505 graciam
344 3427 376 3482 et
405 3417 657 3483 benivolentiam
686 3428 813 3483 nostras
840 3418 923 3484 ultra
947 3417 1142 3502 condignum
1165 3418 1292 3503 possitis
1315 3438 1363 3479 re·

168 3533 305 3610 portare.
352 3523 476 3588 Verum
506 3524 533 3587 si
560 3524 593 3587 in
616 3522 676 3587 hiis
698 3522 837 3588 rebelles
860 3521 1061 3609 negligentes
1085 3532 1117 3586 et
1139 3521 1362 3586 mandatorum

168 3638 350 3695 nostrorum
365 3631 657 3713 suprascriptorum
672 3636 908 3713 contemptores
924 3629 1104 3708 extiteritis,
1129 3625 1216 3712 quod
1233 3627 1362 3690 minime

169 3733 342 3817 oredimus,
372 3742 494 3797 extunc
515 3731 661 3819 prefatus
683 3741 792 3797 noster
815 3732 958 3796 decanus
980 3733 1014 3796 in
1037 3731 1220 3815 Mautarnn,
1245 3733 1296 3794 cui
1320 3729 1363 3794 ad

170 3839 230 3904 hoc
253 3836 483 3923 exequendum
506 3838 578 3902 vice
602 3844 634 3902 et
655 3836 725 3901 loco
748 3837 848 3901 nostri
870 3835 1047 3923 plenariam
1071 3835 1219 3901 dedimus
1243 3844 1275 3898 et
1290 3856 1363 3899 con·

170 3945 326 4009 cessimus
348 3941 535 4008 facultatem
557 3964 615 4008 vos
639 3952 671 4006 et
692 3951 838 4007 vestrum
861 3940 1035 4028 quemlibet
1057 3941 1099 4006 ad
1123 3939 1267 4005 dandum
1290 3962 1363 4005 con·

169 4046 378 4114 tribuendum
413 4056 445 4112 et
479 4045 670 4112 solvendum
704 4047 796 4112 nobis
830 4046 957 4111 solitum
994 4056 1027 4110 et
1063 4055 1251 4111 consuetum
1286 4046 1363 4109 cari-

169 4155 304 4218 tativum
342 4151 520 4217 subsidium
557 4151 739 4217 huiusmodi
772 4154 832 4217 viis
867 4160 899 4216 et
931 4150 1082 4216 remediis
1115 4153 1192 4215 iuris
1226 4149 1363 4235 cogendi

171 4257 385 4346 compellendi
415 4268 448 4322 et
479 4256 682 4340 cohercendi,
713 4266 808 4342 prout
830 4266 862 4322 et
884 4256 1157 4343 quemadmodum
1180 4258 1212 4320 in
1236 4255 1364 4341 quibus·

171 4362 245 4429 dam
276 4362 346 4427 aliis
375 4364 491 4427 nostris
522 4361 633 4427 litteris
664 4361 726 4426 sibi
757 4361 898 4448 desuper
925 4362 1079 4426 confectis
1102 4383 1164 4446 per
1185 4382 1243 4425 nos
1266 4370 1363 4446 atque

171 4526 377 4535 Μ...-

172 4608 252 4662 ltus.
277 4609 287 4641 ¹
307 4610 396 4675 Georg
414 4609 529 4660 Htiseler
548 4609 638 4659 wurde
656 4607 739 4659 durch
758 4609 841 4675 Papat
859 4608 949 4659 Sixtus
961 4608 1006 4657 1v.
1020 4624 1054 4658 zu
1072 4608 1138 4658 Rom
1159 4609 1227 4657 1480
1239 4606 1317 4655 Febr.
1333 4606 1364 4654 13

173 4700 332 4750 consecriert
349 4699 471 4764 (Hansia,
491 4699 580 4749 Germ.
593 4711 669 4748 sacra
686 4697 707 4758 I,
726 4697 797 4761 ott).
