3406 5300
1343 417 1410 484 366

215 610 297 675 linos
313 612 355 676 11.
385 608 686 694 Abbreviatoribus,
711 612 766 697 qui
789 610 914 677 habent
935 616 1047 677 taxam
1067 611 1253 697 secundam,
1278 611 1411 678 ducatos

215 716 271 781 XI
296 713 454 781 carolinos
476 714 517 798 V,
547 716 581 779 in
604 717 708 801 prima
736 716 925 781 visitacione
955 717 1132 782 carolinum
1155 716 1182 800 Ι,
1212 719 1246 781 in
1267 716 1410 802 plumbo,

214 821 271 886 ubi
291 820 426 886 solvitur
444 822 539 885 tertia
556 828 645 903 taxa,
669 819 803 886 ducatos
822 821 891 886 XII
915 830 948 885 et
970 820 1226 907 plumbatoribus
1251 821 1410 887 carolinos

214 925 311 992 XIII.
354 923 394 991 In
421 927 558 1012 registro
580 923 753 1010 bullarum,
783 926 840 991 ubi
862 925 996 991 solvitur
1018 936 1132 1012 quarta
1155 937 1243 1010 taxa,
1275 926 1410 992 ducatos

215 1031 284 1096 XII
314 1029 491 1097 carolinum
514 1030 541 1115 1,
572 1052 632 1117 pro
661 1033 872 1118 registratura
901 1029 990 1097 bullo
1022 1031 1179 1097 carolinos
1200 1031 1258 1116 VI,
1281 1054 1340 1118 pro
1363 1054 1411 1096 re·

216 1135 408 1223 dempcione
436 1134 685 1222 supplicacionis
716 1159 737 1200 a
767 1135 901 1202 custode
933 1135 1090 1202 carolinos
1112 1135 1222 1221 VIIII,
1247 1138 1323 1201 item
1346 1158 1410 1201 ma·

215 1242 323 1326 gistris
344 1243 378 1305 in
399 1241 537 1325 registro
556 1238 720 1306 bullarum
733 1262 793 1327 pro
809 1241 1046 1326 composicione
1061 1240 1195 1306 ducatos
1211 1240 1252 1305 V.
1276 1239 1411 1307 Summa

216 1344 346 1410 LVIIII
369 1344 488 1430 ducati,
512 1343 644 1410 carolini
660 1345 701 1410 V.
728 1345 797 1411 Iam
819 1347 943 1410 notario
965 1348 998 1411 in
1021 1345 1187 1428 bancchis,
1211 1347 1266 1432 qui
1288 1347 1412 1432 recepit

217 1448 460 1534 obligaoionem,
491 1447 645 1515 ducatum
669 1449 699 1534 Ι,
729 1452 807 1516 item
829 1452 960 1535 copiste,
988 1452 1043 1537 qui
1065 1450 1143 1516 fecit
1163 1452 1412 1516 instrumentum

217 1554 437 1640 obligacionis,
468 1554 626 1621 carolinos
649 1554 715 1637 ΙΙΙ,
746 1558 822 1621 item
850 1578 908 1643 pro
930 1566 1058 1643 sumpto
1080 1556 1167 1623 bullo
1190 1558 1412 1644 exempcionis

215 1659 340 1725 Nicolai
361 1682 447 1747 pape
462 1660 503 1725 V.
528 1659 662 1726 ducatos
683 1664 717 1726 in
740 1684 819 1726 auro
841 1661 903 1746 III,
926 1661 1103 1727 carolinum
1123 1662 1154 1744 Ι,
1183 1663 1259 1727 item
1283 1662 1411 1727 domino

215 1764 352 1829 Iohanni
381 1764 586 1849 Iducatum,
618 1764 768 1832 Conrado
797 1768 951 1852 magistro
984 1766 1161 1832 carolinum
1186 1766 1214 1849 Ι,
1249 1769 1304 1853 qui
1329 1769 1412 1832 emit

216 1868 323 1934 eidem
346 1892 475 1956 equum,
506 1892 564 1955 pro
588 1869 697 1956 speltis
721 1871 878 1936 carolinos
897 1871 978 1956 IIII,
1007 1892 1066 1958 pro
1088 1871 1164 1935 feno
1188 1871 1345 1936 carolinos
1366 1871 1411 1956 II,

170 2040 173 2044 Δ
215 1973 314 2040 libras
345 1974 441 2057 duas3
471 1977 548 2040 item
581 1976 787 2062 apothecario
809 1998 868 2063 pro
890 1976 1053 2042 medicina
1076 1976 1312 2062 carolinosV13
1334 1978 1412 2041 item

216 2078 343 2144 medico
374 2078 532 2145 florenum
561 2079 769 2145 Rhenensem
797 2103 911 2164 unum3
941 2082 1018 2146 item
1047 2102 1106 2167 pro
1137 2080 1247 2166 speltis
1278 2089 1310 2145 et
1335 2080 1411 2146 feno

217 2183 375 2250 carolinas
390 2184 486 2266 VIII3
509 2186 586 2249 item
608 2186 669 2270 ipsi
692 2184 822 2251 domino
841 2185 978 2250 Iohanni
1001 2185 1158 2251 carolinas
1174 2184 1232 2270 VI,
1254 2206 1312 2270 pro
1335 2184 1411 2250 feno

218 2287 376 2354 carolinos
390 2288 443 2354 III
463 2287 562 2354 libras
579 2289 638 2373 III,
669 2311 727 2376 pro
749 2290 853 2375 spelta
876 2289 1033 2356 carolinos
1048 2289 1098 2355 III
1120 2288 1219 2355 libras
1234 2289 1286 2355 ΙΠ
1308 2297 1349 2356 t.
1366 2288 1412 2373 II,

217 2396 333 2459 iterum
355 2415 414 2480 pro
437 2392 546 2481 speltis
570 2394 728 2459 carolinos
743 2395 834 2478 VIII,
857 2397 936 2460 item
958 2417 1016 2481 pro
1038 2394 1148 2482 speltis
1170 2393 1318 2460 bolendis
1332 2393 1411 2479 IIII,

219 2500 294 2564 item
316 2520 376 2585 pro
398 2499 473 2563 feno
495 2508 529 2563 et
550 2498 661 2586 speltis
685 2499 843 2564 carolinos
857 2499 909 2564 III
931 2499 1047 2566 libram
1061 2500 1088 2583 I,
1113 2499 1200 2584 lta,
1228 2501 1262 2564 in
1285 2521 1412 2564 summa

219 2602 353 2669 ducatos
368 2603 419 2668 IX
441 2603 600 2668 carolinos
616 2604 681 2670 VH
702 2602 802 2670 libras
817 2605 866 2670 VI
890 2605 907 2667 1
925 2612 967 2670 t.
1013 2604 1143 2669 Deinde
1173 2606 1256 2669 inter
1282 2625 1412 2689 compn-

217 2717 285 2774 tata
307 2708 415 2774 fratris
434 2707 588 2774 Iohannis
611 2708 775 2795 quondam
797 2720 952 2796 percepta
974 2733 1017 2775 ex
1040 2732 1092 2774 me
1114 2709 1334 2795 infrascripta:
1357 2710 1411 2773 ite·

218 2835 291 2878 rum
320 2813 337 2878 I
360 2812 523 2894 ducatum,
553 2815 631 2879 item
653 2814 702 2880 VI
725 2813 893 2895 carolinos,
923 2816 1001 2879 item
1030 2813 1188 2879 carolinos
1210 2814 1268 2898 VI,
1296 2815 1413 2879 iterum

218 2918 236 2983 Ι
251 2917 414 3001 ducatum,
435 2916 596 2983 florenum
610 2919 818 2984 Rhenensem
833 2918 859 3003 I,
883 2917 1039 2984 carolinos
1054 2918 1096 3003 V,
1120 2917 1278 2984 carolinos
1292 2918 1336 3003 Π,
1360 2938 1411 2982 ca·

219 3021 336 3088 rohinos
350 3021 410 3105 IX,
435 3022 592 3088 carolinos
607 3024 667 3108 III,
683 3024 732 3089 VI
748 3023 880 3110 quidem
896 3045 1034 3110 grossos,
1056 3022 1241 3088 florentinos
1257 3022 1300 3105 Π,
1324 3044 1411 3087 caro·

219 3127 301 3192 linos
315 3126 343 3210 I,
365 3129 441 3192 item
463 3149 521 3212 pro
543 3127 618 3193 feno
642 3127 818 3193 carolinum
832 3128 859 3212 Ι,
883 3127 1086 3193 sufferrando
1109 3127 1177 3192 1111
1196 3148 1324 3212 grossos
1340 3126 1412 3192 Flo·

218 3234 371 3316 rentinos,
393 3254 453 3319 pro
475 3234 629 3298 stramine
652 3232 809 3298 carolinos
824 3232 884 3316 III,
907 3254 967 3319 pro
990 3232 1064 3297 feno
1080 3232 1237 3297 carolinos
1251 3231 1329 3313 1111,
1352 3253 1411 3317 pro

218 3336 322 3423 spelta
345 3335 502 3401 carolinos
518 3337 610 3422 VIII,
633 3359 691 3424 pro
715 3336 814 3402 ordeo
838 3336 1015 3402 carolinum
1037 3336 1063 3420 Ι,
1087 3358 1146 3423 pro
1170 3345 1308 3423 quatuor
1329 3336 1412 3422 pari·

218 3442 280 3507 bus
304 3440 486 3507 calceorum
510 3441 666 3508 carolinos
681 3442 730 3508 VI
752 3441 853 3508 libras
868 3441 928 3524 ΙΠ,
951 3464 1010 3530 pro
1034 3444 1174 3528 antiquis
1196 3443 1299 3506 ocreis
1315 3440 1412 3506 refor-

219 3547 345 3612 mandis
360 3545 536 3612 carolinum
553 3547 580 3631 I,
604 3569 661 3634 pro
676 3546 845 3612 medicinis
860 3546 953 3634 pedis
968 3546 1145 3633 frontisque
1161 3546 1319 3611 carolinos
1334 3544 1411 3629 IIII,

217 3674 276 3739 pro
300 3674 363 3717 uno
386 3652 489 3717 bireto
510 3651 666 3717 carolinos
681 3651 743 3737 ΙΙΙ,
765 3674 823 3738 pro
838 3653 979 3717 ventosis
996 3651 1153 3717 carolinos
1168 3650 1211 3735 II,
1234 3672 1293 3737 pro
1310 3652 1413 3715 ocreis

218 3759 311 3823 novis
341 3756 500 3821 carolinos
523 3756 565 3841 V,
594 3778 653 3842 pro
682 3756 828 3821 vestibus
854 3756 1069 3822 reformandis
1091 3755 1249 3822 carolinos
1269 3755 1330 3839 ΙΠ,
1353 3778 1413 3842 pro

218 3861 300 3927 albis
330 3860 447 3926 calceis
479 3870 610 3947 propter
640 3860 856 3946 egritudinem
887 3860 978 3947 pedis
1010 3859 1226 3926 carolinumI
1254 3859 1355 3925 libras
1370 3860 1412 3944 V,

220 3988 279 4054 pro
313 3965 457 4031 candelis
491 3968 675 4030 successive
710 3965 866 4030 carolinos
896 3965 957 4049 III,
990 3987 1049 4050 pro
1082 3965 1177 4051 lignis
1203 3964 1246 4029 ad
1273 3964 1413 4029 hiemem

217 4071 319 4136 libras
333 4070 376 4154 V,
400 4091 457 4157 pro
481 4069 673 4135 chirothecis
697 4070 875 4137 carolinum
893 4070 919 4134 Ι.
963 4070 1036 4134 Heo
1058 4069 1100 4134 de
1123 4092 1221 4135 manu
1243 4091 1303 4134 sua
1325 4068 1412 4155 apud

218 4199 270 4254 me
298 4185 372 4241 sunt
399 4185 559 4241 annotata.
606 4176 754 4242 Summa:
784 4173 964 4255 ducatiIX
987 4175 1120 4240 carolini
1135 4174 1218 4240 VIII
1246 4172 1328 4239 libre
1344 4172 1413 4238 IIII

219 4292 260 4349 a.
283 4280 344 4346 ΠΙ.
390 4279 608 4346 Summarum:
641 4281 748 4345 ducati
779 4290 910 4346 centum
942 4290 974 4345 et
1004 4280 1068 4346 duo
1097 4280 1179 4346 libre
1201 4280 1253 4345 III
1282 4290 1324 4347 a.
1351 4279 1411 4344 III.

219 4386 296 4452 Fuit
317 4395 466 4472 preterea
488 4385 594 4450 dictus
617 4385 780 4472 quondam
802 4385 905 4450 frater
926 4385 1087 4451 Iohannes
1110 4389 1141 4450 in
1166 4387 1318 4471 expensis
1332 4386 1413 4449 meis

218 4513 280 4578 per
309 4512 430 4554 annum
460 4499 493 4555 et
520 4510 648 4555 menses
675 4500 745 4555 octo
773 4489 842 4555 dies
864 4490 958 4575 XVI,
988 4490 1044 4555 ubi
1069 4506 1128 4577 pro
1151 4489 1294 4577 qualibet
1316 4487 1413 4553 ebdo-

219 4595 317 4660 mada
339 4604 478 4682 ponatur
493 4594 517 4659 ΔΙ
532 4594 678 4660 ducatus.
717 4596 789 4660 Hec
811 4605 887 4660 sunt
909 4596 1056 4681 exposita
1078 4616 1138 4681 per
1159 4616 1212 4660 me
1234 4595 1349 4659 iterum
1370 4591 1412 4657 de

220 4701 359 4786 receptis
389 4721 432 4764 ex
460 4698 587 4765 bancho
606 4699 835 4786 Fugkarorum
862 4698 1015 4766 videlicet
1037 4708 1166 4765 centum
1189 4707 1221 4763 et
1243 4698 1413 4784 sexaginta
