3388 5302
327 440 373 507 ,84

330 636 467 699 civitatis
490 656 547 699 suo
569 643 713 719 ternpore
736 632 832 699 facta.
868 633 1073 699 Habebimus
1095 635 1181 698 enim
1203 633 1265 698 hoc
1287 655 1347 719 pro
1371 632 1528 719 singulari

329 740 440 825 gracia
475 747 508 804 et
538 761 673 803 munere
708 748 740 803 et
772 740 806 803 in
836 737 929 804 simili
961 749 1018 804 aut
1046 739 1159 803 maiori
1189 760 1267 825 erga
1296 739 1527 823 paternitatem

329 853 470 909 vestram
494 841 528 908 id
551 844 698 929 cupimus
720 853 753 908 et
775 844 959 909 curabimus
982 845 1157 930 promereri
1181 852 1214 907 et
1234 842 1425 929 rependere.
1449 843 1528 907 Pre-

330 957 421 1012 terea
449 948 483 1011 in
513 957 654 1012 mentem
683 950 772 1012 venit
803 947 843 1012 de
874 947 1015 1033 quodam
1042 949 1256 1013 vebistissimo
1279 946 1360 1012 libro
1382 946 1527 1012 historia-

330 1073 402 1115 rum
435 1050 606 1116 Iornandis
639 1049 692 1135 ,de
727 1054 849 1137 origine
884 1062 916 1117 et
949 1055 1047 1139 gestis
1079 1051 1281 1137 Gothorum‘,
1316 1074 1414 1138 quem
1447 1051 1529 1117 alias

330 1165 475 1241 tempore
498 1154 673 1242 legacionis
695 1156 957 1221 reverendissimi
973 1156 1048 1222 olim
1065 1155 1530 1222 11111ιί11111111111111111111111Β

330 1262 364 1324 in
393 1259 540 1344 partibus
571 1259 703 1325 Austne
736 1260 864 1325 domino
895 1265 1046 1347 episcopo
1077 1262 1256 1348 Sypontino
1287 1261 1529 1327 commodatum

330 1363 470 1429 vidimus
494 1365 580 1429 etin
603 1367 670 1429 eius
694 1386 825 1430 recessu
847 1365 1046 1452 aliquamdiu
1067 1368 1102 1430 in
1121 1366 1270 1431 manibus
1285 1368 1401 1431 nostris
1417 1365 1529 1430 habui-

331 1490 403 1533 mus
425 1491 466 1533 ac
489 1470 610 1555 copiari
630 1469 777 1554 fecimus,
800 1472 833 1535 in
857 1492 919 1557 quo
942 1470 1095 1535 nonnulla
1117 1472 1203 1535 vicia
1222 1480 1254 1535 et
1269 1470 1415 1535 defectus
1428 1471 1528 1535 fuisse

334 1573 618 1659 deprehendimus,
649 1577 810 1639 nescimus
840 1578 867 1640 si
897 1577 980 1640 vicio
1011 1577 1174 1661 scriptoris
1204 1585 1260 1640 aut
1286 1575 1359 1639 libri
1382 1575 1528 1641 eiusdem

332 1680 539 1743 truncacione
570 1680 750 1744 intermissa
781 1701 1038 1768 cuperemusque
1068 1682 1186 1745 mirum
1215 1681 1248 1744 in
1278 1679 1420 1764 modum,
1445 1689 1479 1744 ut
1501 1681 1530 1744 si

334 1804 397 1868 quo
421 1781 516 1847 modo
539 1781 634 1848 huius
658 1786 784 1869 copiam
807 1784 1013 1849 emendatam
1035 1784 1157 1849 habere
1180 1806 1347 1871 possemus
1370 1795 1426 1849 aut
1448 1787 1529 1849 eius-

333 1886 409 1951 dem
431 1890 531 1952 nostn'
553 1887 760 1953 collacionem
783 1888 854 1953 fieri
876 1899 932 1954 aut
954 1891 981 1953 si
1004 1911 1102 1975 quem
1124 1889 1222 1954 alium
1244 1888 1361 1954 librum
1385 1888 1528 1954 historia·

332 2013 404 2055 rum
428 1990 608 2057 Gothorum
637 2014 696 2057 seu
726 1993 861 2058 aliarum
891 1996 1043 2079 gencium
1072 1993 1137 2059 illic
1164 1993 1252 2080 apud
1274 2016 1332 2059 vos
1353 1992 1529 2078 haberetis,

332 2097 366 2159 in
396 2118 459 2182 quo
490 2096 605 2162 eadem
635 2107 728 2183 gesta
750 2101 852 2184 magis
875 2108 1012 2163 extensa
1033 2098 1148 2164 forent.
1195 2097 1365 2164 Credimus
1388 2101 1472 2163 enim
1496 2109 1531 2163 et

334 2222 378 2263 ex
409 2200 613 2287 ethimologia
640 2204 776 2267 nominis
808 2211 839 2268 ct
869 2202 1016 2267 vocabuli
1039 2202 1100 2268 loci
1123 2203 1268 2268 eiusdem
1292 2202 1530 2290 quodammodo

335 2306 593 2369 coniecturamur
623 2307 727 2391 ipsam
757 2306 830 2370 olim
861 2329 971 2372 arcem
998 2317 1030 2371 et
1052 2308 1209 2393 refugium
1234 2311 1386 2393 gencium
1408 2308 1528 2375 Gotho

334 2431 407 2473 rum
430 2411 585 2494 extitisse,
609 2431 672 2495 que
696 2408 859 2495 quondam
881 2414 938 2475 toti
957 2411 1146 2477 Pannoniel
1169 2412 1257 2498 (cum
1281 2424 1358 2478 tunc
1380 2435 1456 2499 pars
1479 2436 1530 2498 ea,

335 2534 433 2599 quam
463 2513 558 2579 modo
582 2511 748 2579 Austriam
779 2514 954 2601 appellant,
984 2515 1082 2581 fuisse
1112 2515 1324 2603 dignoscitur)
1356 2527 1388 2582 et
1415 2518 1532 2582 ceteris

335 2618 481 2704 partibus
505 2618 681 2685 Germania
708 2643 748 2684 ac
770 2620 949 2685 Teothonie
977 2620 1234 2706 dominabantur,
1258 2625 1446 2709 priusquam
1468 2623 1531 2687 Ita·

337 2723 413 2788 liam
447 2722 553 2788 hostili
586 2722 694 2808 gladio
729 2724 942 2808 subegissent.
988 2725 1085 2791 Unde
1120 2735 1153 2791 et
1185 2725 1380 2813 Ostrogothi,
1413 2726 1448 2791 id
1482 2736 1533 2791 est

336 2826 507 2892 orientales
530 2827 787 2912 appellabantur,
811 2849 946 2913 quorum
969 2831 1125 2914 primores
1148 2830 1238 2895 fuere
1262 2830 1429 2915 Frideger,
1454 2830 1533 2895 Wa-

334 2931 449 2996 lamier
472 2941 504 2997 et
517 2930 699 3018 Didomor,
723 2934 778 3018 qui
799 2933 860 2997 fuit
882 2935 1007 3015 genitor
1022 2933 1216 3000 Theoderici
1237 2938 1324 3020 regis
1340 2934 1531 3019 Gothorum,

337 3038 392 3122 qui
421 3046 534 3121 postea
562 3037 619 3101 toti
648 3034 739 3100 Italis
768 3035 994 3101 dominabatur
1016 3047 1048 3102 et
1069 3061 1131 3103 rex
1155 3050 1225 3104 erat
1246 3038 1352 3104 multis
1375 3038 1468 3103 bellis
1491 3061 1532 3103 ac

335 3142 477 3206 victoriis
500 3141 616 3224 clarus,
641 3142 731 3205 cuius
754 3141 951 3226 temporibus
975 3140 1036 3207 hec
1058 3142 1189 3208 historia
1212 3148 1333 3230 scripta
1355 3167 1426 3209 esse
1447 3166 1532 3209 com-

336 3246 459 3332 peritur
489 3255 521 3311 et
550 3267 653 3331 usque
683 3244 727 3310 ad
756 3244 924 3310 Iustiniani
953 3248 1155 3333 imperatoris
1182 3258 1337 3335 tempora.
1383 3247 1533 3331 Quodsi

336 3348 466 3435 aliquod
500 3350 595 3414 huius
625 3351 673 3414 rei
702 3360 928 3435 argumentum
957 3350 1011 3415 vel
1041 3354 1210 3417 vetustatis
1241 3354 1394 3419 indicium
1424 3353 1532 3439 aliquo

337 3454 432 3518 modo
462 3453 635 3537 haberetis,
666 3456 812 3540 petimus,
848 3465 882 3520 ut
903 3454 997 3520 nobis
1020 3478 1147 3543 quoque
1172 3458 1316 3523 eiusdem
1340 3461 1466 3545 copiam
1487 3459 1533 3524 fa

338 3559 438 3623 ciatis.
481 3558 552 3622 Erit
574 3560 660 3624 enim
682 3558 774 3623 nobis
797 3561 1024 3645 gravissimum
1046 3572 1080 3625 et
1102 3584 1200 3648 supra
1223 3584 1322 3648 quam
1344 3563 1453 3628 dicere
1476 3574 1534 3629 aut

338 3663 521 3749 exprimere
544 3684 723 3748 possumus,
746 3663 931 3730 iocundum.
969 3666 1012 3730 Et
1034 3668 1061 3730 si
1085 3687 1182 3751 quam
1205 3690 1248 3732 ex
1271 3666 1364 3733 nobis
1386 3670 1533 3754 recipere

337 3765 591 3831 vicissitudinem
614 3765 735 3832 habere
758 3767 932 3852 volueritis,
961 3769 1123 3834 offerimus
1144 3792 1203 3835 nos
1227 3773 1313 3836 omni
1334 3771 1533 3858 gratitudine

338 3873 609 3959 promptissimum
640 3881 673 3936 et
702 3871 926 3938 voluntarium.
970 3873 1062 3938 Bene
1084 3874 1191 3940 valeat
1214 3878 1390 3962 paternitas
1412 3886 1533 3960 vestra,

339 3978 430 4040 euius
464 3976 666 4041 oracionibus
701 3978 868 4062 tociusque
903 3988 1078 4042 conventus
1115 3981 1215 4045 vestri
1252 4003 1304 4045 me
1341 3980 1533 4046 commendo

338 4090 494 4166 tanquam
524 4102 619 4145 suum
648 4103 688 4145 ac
718 4082 820 4146 tocius
850 4080 1011 4166 religionis
1043 4082 1188 4149 eiusdem
1210 4082 1364 4150 devotum
1387 4097 1419 4150 st
1441 4084 1532 4151 dedi·

338 4341 421 4395 1845.
443 4343 555 4412 l’Folgt
572 4345 634 4395 eine
653 4345 824 4397 Parenthese.

339 4465 385 4516 der
408 4466 533 4517 Trienter
556 4466 679 4531 Diocese,
709 4482 765 4518 war
793 4467 914 4519 daselbst
942 4469 1053 4520 Bischot
1077 4485 1102 4518 v.
1125 4471 1263 4521 sss-406
1284 4472 1352 4523 Juni
1372 4474 1406 4523 11
1431 4471 1534 4542 (Gaura,

338 4551 556 4622 8111113316)
575 4553 814 4606 11111333-4001
833 4554 1074 4620 (Kirchenlexikon
1093 4556 1248 4626 1111013).
1284 4586 1318 4596 -
1353 4557 1534 4623 ο31111τί011,

338 4639 500 4691 Embischof
523 4657 548 4691 v.
571 4641 657 4691 Nictla
682 4643 734 4691 seit
762 4643 837 4707 1437,
867 4642 958 4693 wurds
985 4644 1112 4709 kurnweg
1134 4644 1252 4695 Nicenua
1274 4653 1403 4710 genennt,
1425 4648 1442 4711 †
1466 4650 1534 4699 1472

339 4728 453 4778 110118
472 4744 506 4777 111
524 4728 655 4779 Ravenna
673 4729 914 4796 (Kirehenlexilion
934 4730 968 4795 ll,
987 4728 1059 4799 331),
