3364 5300
325 328 406 430 aaa

323 561 407 623 inter
428 580 487 621 nos
510 566 628 637 essent,
652 559 707 643 qui
731 557 772 622 de
795 559 863 621 iure
884 566 940 621 aut
956 556 1187 621 consuetudine
1203 556 1330 640 negotio
1346 555 1516 620 eleccionis

323 662 506 728 huiusmodi
535 665 691 727 interesse
721 684 783 728 non
816 661 983 743 deberent,
1011 660 1054 725 ab
1077 672 1152 725 actu
1176 660 1321 724 eiusdem
1345 659 1517 724 eleccionis

325 767 541 851 discederent,
564 767 782 852 protestando,
805 765 891 851 quod
914 788 977 830 non
1001 775 1071 830 erat
1094 776 1205 829 suaet
1227 764 1360 829 aliorum
1383 766 1517 828 intentio

324 872 403 937 tales
433 873 603 937 admittere
633 882 689 935 aut
721 871 840 957 eligere
869 893 944 934 oum
968 869 1100 950 eisdem,
1125 891 1254 954 queque
1277 891 1373 933 voces
1396 869 1516 950 talium,

324 980 351 1041 si
374 978 429 1063 qui
449 979 667 1062 reperirentur
682 975 874 1055 interfuisse,
898 997 960 1039 non
977 984 1158 1060 prestarent
1174 975 1312 1058 cuipiam
1328 973 1518 1059 suffragium

323 1091 379 1146 aut
413 1080 676 1166 impedimentum
710 1079 767 1143 sed
802 1076 934 1163 prorsus
967 1101 1025 1165 pro
1057 1101 1120 1143 non
1150 1080 1290 1163 receptis
1322 1075 1514 1142 habeantur.

325 1184 452 1249 Deinde
484 1184 687 1249 concorditer
720 1182 874 1268 elegimus
902 1186 934 1246 in
957 1193 1082 1247 nostros
1106 1183 1400 1267 compromissarios
1421 1204 1517 1245 vene·

324 1288 442 1353 rabiles
472 1298 504 1353 et
533 1287 750 1353 reverendum
781 1290 813 1352 iu
845 1287 973 1353 Christo
1004 1287 1148 1351 dominos
1172 1286 1351 1350 Iohannem
1373 1284 1518 1350 Kallten·

323 1394 492 1458 markhter
522 1393 685 1458 doctorem
715 1403 748 1457 et
778 1391 959 1475 officialem,
989 1391 1146 1456 Iacobum
1176 1393 1374 1477 prepositum
1401 1390 1517 1454 Newn-

323 1497 519 1583 burgensem
535 1522 574 1561 ac
591 1496 777 1561 Conradum
794 1496 897 1580 Fuegl
920 1496 1080 1560 decanum
1097 1498 1387 1581 prementionatum
1403 1494 1518 1558 dantes

324 1602 446 1666 eisdem
469 1601 602 1666 solemni
622 1604 763 1665 omnium
779 1611 811 1663 et
826 1599 1022 1685 singulorum
1039 1611 1182 1663 nostrum
1198 1599 1409 1684 stipulacione
1423 1600 1518 1662 inter·

323 1708 475 1771 veniente
505 1706 634 1791 plenam
666 1716 698 1770 et
727 1705 944 1769 omnimodam
973 1712 1174 1790 potestatem,
1199 1714 1234 1768 ut
1255 1705 1316 1789 ipsi
1339 1712 1462 1768 secreto
1487 1714 1519 1766 et

324 1810 510 1896 singillatim
533 1821 610 1875 vota
632 1813 772 1873 omnium
796 1820 828 1874 et
847 1808 1045 1894 singulorum
1061 1818 1204 1873 nostrum
1220 1809 1418 1893 inquirerent
1432 1830 1518 1872 eum·
1565 1820 1570 1829 '

324 1937 388 2001 que
411 1915 578 2001 eligerent,
602 1917 634 1978 in
658 1936 755 1999 quem
778 1916 958 1999 reperirent
979 1936 1090 1977 omnes
1112 1912 1164 1977 vel
1189 1915 1341 1977 maiorem
1364 1925 1397 1977 et
1417 1914 1518 1975 sanio-

323 2042 392 2084 rem
419 2029 545 2105 partem
577 2020 777 2083 consensisse
806 2019 859 2098 ita,
889 2016 977 2102 quod
1008 2038 1090 2080 unus
1113 2019 1255 2101 ipsorum
1278 2014 1320 2080 de
1343 2038 1518 2081 consenssu

324 2133 357 2189 et
377 2123 543 2188 voluntate
566 2122 761 2208 reliquorum
784 2144 913 2185 snorum
937 2123 1286 2206 compromissariorum
1308 2122 1382 2185 vice
1404 2142 1464 2184 sua
1486 2130 1519 2184 et

325 2228 521 2312 collegarum
544 2250 675 2292 suarum
697 2228 865 2311 tociusque
889 2235 1068 2289 conventus
1092 2225 1230 2289 eandem
1254 2224 1449 2290 eleccionem
1471 2247 1518 2288 so·

324 2333 473 2397 lemniter
502 2331 691 2417 publicaret.
738 2330 864 2410 Quibus
896 2332 1181 2416 compromissariis
1205 2328 1311 2394 taliter
1333 2340 1369 2394 ut
1391 2331 1518 2414 premit-

324 2440 401 2502 titur
424 2436 585 2521 deputatis
608 2446 640 2501 et
662 2436 771 2501 electis
795 2444 1051 2521 potestatemque
1075 2433 1136 2499 sibi
1157 2434 1309 2498 traditam
1325 2435 1519 2520 acceptanti-

324 2542 385 2607 bus
408 2564 466 2606 nos
490 2564 602 2605 omnes
626 2552 658 2606 et
681 2541 809 2626 singuli,
826 2542 975 2623 vicarius,
1000 2541 1086 2625 prior
1101 2550 1133 2604 et
1149 2548 1326 2603 conventus
1342 2539 1519 2623 supradicti

325 2646 401 2711 fidei
430 2657 666 2710 sacramentum
691 2646 826 2710 fecimus
850 2656 883 2709 et
904 2645 1039 2730 quilibet
1061 2654 1204 2709 nostrum
1227 2645 1260 2708 in
1284 2664 1397 2708 manus
1422 2642 1518 2707 domi·

324 2773 439 2814 norum
469 2752 817 2835 compromissariorum
846 2751 966 2814 iuravit
988 2752 1082 2813 tactis
1105 2750 1272 2834 scripturis
1294 2749 1519 2829 sacrosanctis,

325 2855 412 2941 quod
435 2854 568 2941 quilibet
589 2864 732 2919 nostrum
756 2856 848 2919 iuxta
870 2854 1110 2940 dispositionem
1134 2854 1256 2919 decreti
1283 2851 1407 2917 concilii
1430 2852 1519 2917 Basi-

324 2959 434 3024 liensis
464 2970 542 3023 tunc
571 2958 701 3045 publice
724 2957 798 3023 lecti
823 2958 941 3042 eligere
963 2957 1061 3022 vellet
1084 2980 1157 3022 eum
1181 2959 1267 3021 etin
1290 2956 1377 3021 hunc
1401 2956 1517 3042 eligen-

326 3065 403 3128 dum
427 3066 618 3147 consentire,
642 3086 739 3149 quem
763 3063 912 3128 crederet
934 3064 1077 3128 futurum
1100 3062 1237 3127 ecclesie
1252 3084 1311 3125 seu
1326 3064 1519 3125 monasterio

326 3171 359 3232 in
390 3168 610 3253 spiritualibus
641 3177 673 3231 et
694 3167 925 3252 temporalibus
948 3167 1107 3232 utiliorem
1129 3188 1190 3230 nec
1213 3165 1258 3230 illi
1279 3187 1393 3229 vocem
1417 3165 1520 3248 daret,

327 3288 423 3358 quem
451 3273 666 3337 verisimiliter
694 3274 825 3336 sciverit
848 3274 1055 3356 promissione
1078 3280 1134 3336 aut
1157 3270 1293 3334 dacione
1316 3268 1451 3335 alicuius
1474 3271 1519 3334 rei

325 3378 507 3465 temporalis
541 3401 599 3442 seu
632 3401 730 3462 prece
763 3401 822 3463 per
856 3400 891 3441 se
922 3389 978 3441 aut
1007 3376 1103 3441 alium
1136 3376 1323 3461 interposita
1352 3385 1410 3440 aut
1440 3374 1519 3440 alias

325 3482 602 3569 qualitercumque
635 3481 757 3546 directe
791 3481 844 3546 vel
878 3481 1037 3546 indirecte
1067 3503 1126 3566 pro
1157 3503 1193 3545 se
1223 3480 1419 3545 eleccionem
1449 3501 1519 3564 pro·

325 3611 450 3652 curare.
482 3587 629 3651 Tandem
653 3588 920 3673 compromissarii
945 3585 1081 3671 predicti
1105 3587 1361 3650 commissionem
1384 3594 1417 3649 et
1435 3593 1520 3670 pote·

325 3702 441 3756 statem
469 3690 529 3755 sibi
558 3690 710 3756 traditam
733 3693 852 3775 exequi
874 3689 1020 3754 valentes
1043 3691 1165 3776 pariter
1186 3691 1377 3754 iuraverunt
1398 3698 1432 3753 et
1453 3690 1519 3774 qui-

325 3795 404 3860 libet
427 3817 537 3859 eorum
560 3797 680 3860 iuravit
702 3797 958 3860 commissionem
981 3797 1059 3881 ipsis
1082 3794 1200 3858 factam
1223 3796 1305 3858 siout
1327 3795 1521 3879 premittitur

325 3900 465 3965 fideliter
488 3902 607 3986 exequi
629 3899 723 3983 velle,
747 3903 781 3965 in
803 3899 900 3964 alium
922 3898 1029 3966 locum
1052 3901 1184 3964 seorsim
1206 3908 1300 3963 extra
1314 3898 1421 3963 locum
1436 3901 1520 3985 capi·

324 4003 382 4071 tuli
413 4003 566 4069 videlieet
595 4003 637 4069 ad
661 4003 796 4069 chorum
820 4003 956 4069 ecclesie
979 4026 1081 4090 penes
1104 4002 1204 4068 altare
1228 4025 1389 4068 summum
1412 4024 1521 4068 conse-

325 4109 443 4175 derunt
472 4130 512 4173 ac
542 4118 667 4174 secreto
699 4118 730 4172 et
761 4106 922 4192 sigillatim
952 4118 1029 4173 vota
1055 4118 1165 4172 nostra
1187 4128 1331 4192 congrua
1357 4105 1521 4192 diligentia

325 4223 530 4278 messuerunt
552 4214 638 4276 etin
661 4214 788 4299 scriptis
810 4212 1008 4297 redegerunt
1030 4212 1164 4276 reducto
1179 4213 1268 4298 prius
1282 4213 1317 4275 in
1332 4213 1522 4277 memoriam

326 4321 500 4403 unicuique
529 4319 708 4382 iuramento
739 4340 798 4403 per
829 4320 934 4403 ipsum
964 4326 1061 4382 antea
1092 4319 1233 4402 prestito.
1281 4316 1408 4397 Quibus
1438 4318 1520 4382 votis

326 4426 442 4488 uostris
472 4425 517 4487 sic
548 4445 608 4507 per
638 4444 692 4485 eos
722 4433 758 4487 ut
780 4424 974 4508 premittitur
996 4426 1135 4508 receptis
1158 4430 1359 4507 compertum
1381 4420 1440 4486 fuit
1462 4444 1520 4508 per

327 4527 513 4612 diligentem
536 4526 695 4592 dictorum
719 4526 919 4591 dominorum
943 4529 1294 4613 compromissariorum
1317 4525 1519 4611 prehabitam

330 4632 536 4698 collacionem
567 4640 643 4697 vota
672 4641 781 4697 nostra
810 4635 844 4696 in
873 4630 982 4718 plures
1012 4654 1056 4696 ex
1082 4630 1175 4696 nobis
1198 4630 1345 4717 dispersa
1366 4630 1466 4695 fuisse
1490 4640 1522 4695 et
