3406 5300
1290 397 1354 462 335

162 591 241 646 tunc
263 585 450 670 episcopum
465 586 691 652 Pataviensem
715 609 812 674 super
835 591 1045 674 exempcione
1065 589 1247 655 huiusmodi
1262 589 1356 656 illatis

164 686 374 754 causantibus
396 689 499 755 abbas
516 699 549 756 et
563 702 741 757 conventus
757 693 873 779 prefati
888 692 930 758 ab
946 693 1129 760 huiusmodi
1144 698 1356 781 exempeione

163 919 271 963 sorum
301 919 441 981 suorum,
473 923 514 965 ne
537 909 684 986 preterea
707 904 844 968 maiores
867 903 938 968 lites
962 914 1182 987 exorerentur,
1206 904 1356 970 submise-

162 1012 236 1067 rant
264 1001 368 1068 dictus
398 1004 610 1091 predecessor
639 1006 755 1091 prefati
785 1006 943 1072 Friderici
969 1010 1170 1093 imperatoris
1199 1007 1356 1095 supplica-

164 1106 308 1172 cionibus
337 1107 509 1174 inclinatus
540 1119 617 1175 tunc
647 1120 680 1175 et
705 1133 764 1197 pro
794 1121 938 1198 ternpore
969 1114 1135 1178 existentis
1166 1112 1297 1178 abbatis
1324 1122 1357 1179 et

165 1220 342 1276 conventus
372 1212 447 1277 dicti
471 1216 656 1280 monasterii
678 1237 804 1281 necnon
828 1238 938 1281 omnes
962 1225 994 1280 et
1016 1215 1158 1301 singulos
1180 1216 1356 1283 monachos

162 1337 334 1381 conversos
365 1327 397 1383 et
426 1340 579 1403 personas
611 1328 642 1385 ct
672 1321 843 1386 servitores
874 1329 939 1386 tarn
970 1319 1102 1386 clericos
1132 1343 1230 1407 quam
1252 1320 1352 1387 laicos

164 1421 309 1486 serviciis
339 1422 438 1506 ipsius
461 1426 643 1488 monasterii
667 1424 835 1489 actualiter
857 1426 1038 1489 insistentes
1061 1446 1188 1491 necnon
1210 1425 1357 1491 membra

164 1523 318 1591 ecclesias
341 1525 482 1612 capellas
504 1531 721 1613 possessiones
739 1530 808 1594 loca
824 1529 937 1615 predia
953 1539 986 1594 et
999 1532 1151 1616 grangias
1168 1552 1242 1596 oum
1258 1529 1356 1596 rebus

163 1631 228 1694 suis
250 1629 420 1697 mobilibus
443 1641 476 1697 et
497 1632 723 1718 immobilibus,
746 1634 965 1719 spiritualibus
989 1644 1021 1699 et
1036 1634 1266 1721 temporalibus
1282 1657 1355 1700 nec

164 1757 228 1801 non
258 1735 380 1800 iuribus
411 1745 444 1800 et
473 1735 745 1802 iurisdictionibus
776 1738 1033 1824 quibuscumque
1056 1737 1099 1803 ad
1122 1741 1226 1826 ipsum
1248 1761 1356 1805 mona·

164 1842 297 1905 sterium
327 1841 563 1925 pertinentibus
594 1852 626 1906 et
656 1842 853 1929 ubicumque
884 1843 1108 1927 existentibus,
1133 1865 1213 1930 quas
1236 1865 1357 1930 posses·

164 1947 269 2010 siones
284 1947 437 2031 grangias
454 1955 485 2010 et
501 1945 586 2011 bona
601 1946 775 2012 immobilia
789 1950 928 2034 propriis
943 1947 1093 2013 manibus
1109 1946 1162 2013 vel
1178 1949 1358 2035 sumptibus

165 2048 358 2115 excolebant
381 2049 433 2114 vel
456 2049 561 2115 excoli
583 2051 747 2117 faciebant
770 2064 886 2139 etque
909 2062 986 2117 tunc
1009 2052 1195 2139 legiptime·
1217 2054 1357 2139 posside·

164 2153 243 2220 bant
270 2163 303 2218 et
329 2156 361 2219 in
384 2154 527 2219 futurum
550 2157 640 2220 iustis
663 2156 761 2221 titulis
785 2156 919 2242 adipisci
942 2166 1074 2243 possent
1096 2157 1137 2223 ab
1162 2161 1247 2223 omni
1269 2160 1357 2222 iuris·

165 2258 312 2324 dictionis
344 2258 482 2324 dominio
514 2268 671 2345 potestate
701 2260 906 2327 subieccione
935 2263 1140 2327 correccione
1168 2272 1201 2326 et
1223 2261 1358 2327 aliorum

165 2384 430 2450 quorumcunque
459 2363 604 2429 iudicum
634 2375 667 2429 et
697 2368 907 2451 superiorum,
936 2366 1089 2451 quamdiu
1113 2364 1232 2431 domini
1255 2365 1358 2431 abbas

166 2479 198 2534 et
224 2477 403 2534 conventus
433 2467 548 2554 prefati
579 2491 755 2555 eorumque
778 2492 981 2535 successores
1004 2469 1065 2535 sub
1087 2469 1229 2557 regulari
1252 2470 1358 2535 obser·

165 2575 281 2639 rancia
312 2575 469 2656 virerent,
501 2575 623 2638 exemit
653 2583 685 2638 et
710 2572 862 2639 liberavit
891 2576 945 2658 ita,
974 2574 1061 2659 quod
1084 2574 1181 2658 legati
1204 2573 1358 2661 archiepi-

165 2680 255 2764 scopi
285 2686 318 2744 et
348 2679 490 2765 episcopi
521 2687 554 2743 et
579 2680 749 2765 presertim
774 2678 877 2744 dictus
902 2681 1072 2763 episeopus
1095 2678 1296 2743 Pataviensis
1319 2702 1359 2743 ac

166 2782 290 2848 iudices
321 2791 353 2847 et
382 2784 562 2868 superiores
594 2783 712 2868 prefati
741 2785 871 2848 racione
903 2781 1053 2847 domicilii
1082 2783 1135 2848 vel
1166 2782 1274 2848 delicti
1304 2793 1361 2849 aut

167 2897 349 2954 contractus
383 2910 441 2952 seu
470 2889 528 2971 rei,
560 2887 601 2952 de
632 2910 696 2973 qua
725 2897 887 2974 ageretur,
918 2886 1039 2951 nullam
1069 2888 1102 2951 in
1132 2891 1360 2953 monasterium

166 2992 312 3059 membra
335 2991 476 3078 capellas
499 2991 651 3057 abbatem
674 3003 706 3057 et
728 3002 922 3057 conventum
946 3013 1118 3057 conversos
1142 3002 1174 3056 et
1196 2992 1274 3055 alios
1290 3014 1360 3078 pre·

167 3096 268 3162 dictos
303 3097 557 3161 correctionem·
587 3095 639 3161 vel
672 3098 928 3182 superioritatem
962 3117 1119 3160 exercere
1153 3105 1285 3181 possent
1316 3095 1360 3160 di-

166 3203 306 3267 strictius
329 3200 505 3266 inhibendo
528 3200 650 3266 eisdem
673 3199 786 3286 legatis
809 3200 1060 3288 archiepiscopis
1077 3203 1233 3287 episcopis
1249 3202 1359 3267 iudici·

167 3305 226 3372 bus
250 3315 283 3371 et
301 3305 521 3392 superioribus
539 3305 683 3391 prelatis,
706 3329 747 3370 ne
765 3316 886 3371 extunc
902 3304 943 3371 de
959 3315 1067 3373 cetero
1083 3307 1115 3371 in
1131 3309 1360 3372 monasterium

167 3410 314 3478 membra
336 3409 478 3497 capellas
500 3409 653 3475 abbatem
677 3419 710 3475 et
732 3419 926 3475 conventum
941 3420 999 3475 aut
1013 3408 1092 3476 alios
1108 3421 1275 3497 exemptos
1290 3433 1359 3497 pre-

166 3624 198 3687 in
221 3643 277 3686 eos
300 3642 357 3685 seu
380 3642 492 3685 eorum
514 3619 654 3706 aliquem
677 3622 1044 3686 excommunicationem
1067 3620 1120 3685 vel
1142 3619 1220 3685 alias
1236 3629 1360 3685 senten·

167 3728 233 3792 cias
262 3745 417 3790 censuras
441 3734 472 3789 et
494 3746 596 3810 penas
619 3724 824 3810 promulgare
846 3735 1071 3811 presumerent
1092 3747 1132 3790 ac
1156 3724 1360 3790 decernendo

167 3851 278 3897 omnes
303 3838 335 3893 et
357 3828 498 3914 singulos
520 3850 691 3915 processus
715 3839 747 3893 et
770 3831 962 3912 sentencias,
987 3852 1065 3916 quos
1089 3840 1121 3894 et
1143 3851 1224 3915 quas
1240 3839 1361 3895 extunc

168 3936 323 4023 deinceps
353 3937 385 3999 in
415 3933 568 3999 abbatem
599 3943 631 3999 et
657 3943 852 3999 conventum
874 3943 907 3999 et
929 3933 1006 3998 alios
1030 3943 1198 4019 exemptos
1220 3933 1361 4019 profatos

168 4064 227 4128 per
260 4040 383 4127 legatos
416 4038 675 4125 archiepiscopos
710 4041 878 4125 episcopos
912 4049 945 4103 et
974 4038 1145 4125 presertim
1175 4040 1361 4124 episcopum

168 4147 396 4212 Pataviensem
427 4143 551 4209 iudices
582 4153 613 4209 et
643 4145 823 4229 superiores
855 4142 1018 4229 predictos
1049 4143 1179 4208 formari
1210 4142 1286 4207 ferri
1309 4141 1362 4206 vel

167 4249 363 4336 promulgari
392 4250 593 4334 contingeret
619 4258 651 4312 et
678 4270 883 4334 quecumque
905 4270 963 4334 pro
986 4256 1129 4334 tempore
1152 4246 1227 4312 iude
1251 4257 1362 4311 secuta

167 4353 285 4419 nullius
308 4352 430 4418 roboris
454 4352 507 4418 vel
530 4355 681 4418 momenti
705 4352 784 4421 fore.
812 4353 856 4418 Et
871 4354 1002 4439 insuper
1016 4350 1126 4417 abbati
1144 4375 1201 4438 pro
1217 4361 1361 4436 tempore

168 4460 319 4525 existenti
335 4460 520 4524 monasterii
535 4456 715 4522 huiusmodi
733 4460 899 4541 concessit,
924 4456 1010 4543 quod
1025 4459 1201 4539 inventum,
1217 4458 1250 4520 iu
1266 4478 1361 4541 quem

167 4613 295 4620 -u--u-
307 4612 320 4618 ψ

168 4686 248 4742 2178.
271 4699 284 4722 ⁸
303 4687 394 4754 Copia.
