3364 5300
308 390 369 455 188

306 585 431 647 nariam
460 585 680 648 remissionem
708 584 849 647 omnium
876 592 1084 667 peecatorum
1106 592 1234 647 tuorum
1257 593 1289 647 et
1311 585 1443 648 restituo
1467 593 1498 647 te

306 689 429 773 gremio
452 697 485 752 et
506 690 617 752 unioni
640 698 751 753 sancte
774 689 884 751 matris
908 687 1045 752 ecclesie
1068 697 1100 751 et
1123 686 1268 752 eiusdem
1291 690 1500 753 sacramentis

306 795 339 857 in
369 794 497 857 nomine
527 795 626 877 patris
658 803 691 857 et
720 792 775 856 filii
803 802 835 856 et
862 794 990 878 spiritus
1014 794 1130 873 sancti3
1156 815 1261 857 amen.
1307 793 1369 857 Pro
1395 814 1500 879 symo-

306 899 407 962 niacis
437 906 518 982 post*
535 908 704 982 punctum:
736 896 778 961 ab
807 900 891 961 omni
919 896 1047 962 vinculo
1070 898 1422 981 excommunicatione,
1446 896 1500 962 ad·

308 1001 416 1066 datur:
448 1011 480 1067 et
507 1026 527 1066 a
557 1003 702 1088 symonie
732 1001 806 1066 labe
834 1024 873 1066 ac
896 1006 1049 1085 censuris,
1074 1024 1153 1088 quas
1176 1003 1252 1068 inde
1275 1005 1446 1087 incurristi,
1469 1012 1503 1067 et

307 1104 457 1191 dispenso
486 1116 595 1172 tecum
624 1129 721 1193 super
746 1106 1034 1191 irregularitatibus
1064 1109 1200 1171 incursis
1231 1106 1391 1173 abolendo
1422 1117 1498 1171 ate

307 1233 435 1275 omnem
471 1210 679 1276 inhabilitatis
713 1220 747 1276 et
778 1211 910 1276 infamie
945 1212 1105 1277 maculam
1139 1212 1214 1278 inde
1251 1222 1405 1277 secutam.
1462 1212 1501 1276 Iu

307 1318 417 1380 mortis
448 1317 581 1382 articulo
611 1316 766 1382 addatur:
798 1326 830 1381 et
860 1316 992 1382 absolvo
1024 1328 1055 1382 te
1078 1318 1120 1383 ab
1144 1317 1291 1382 omnibus
1314 1319 1407 1403 penis
1429 1340 1502 1403 pur-

307 1423 422 1505 gatorii
449 1422 541 1506 ignis,
570 1424 602 1485 in
625 1432 781 1507 quantum
804 1421 912 1487 claves
937 1422 1072 1487 ecclesie
1096 1445 1131 1487 se
1153 1422 1298 1508 plenarie
1322 1421 1501 1486 extendere

307 1535 450 1610 possunt,
474 1527 507 1590 in
530 1527 658 1590 nomine
681 1529 780 1612 patris
804 1536 836 1591 et
857 1527 913 1591 filii
936 1537 969 1591 et
990 1530 1118 1613 spiritus
1142 1530 1259 1612 sancti,
1282 1549 1387 1593 amen.

352 1807 453 1875 1968.
1134 1815 1215 1871 1481
1232 1816 1302 1871 lunt
1315 1815 1344 1879 s,
1362 1814 1457 1871 Wieu.

308 1998 466 2065 Gurdiuul
488 1997 591 2083 Georp
613 2021 673 2065 ocu
696 2000 743 2066 St.
761 2001 865 2066 Iarciu
887 2002 923 2065 iu
945 2001 1043 2067 Silue
1063 2001 1131 2065 und
1146 2000 1285 2084 Bischof
1300 2021 1361 2065 ocu
1375 1999 1502 2065 Pusscu

308 2106 430 2188 fordcrt
458 2126 528 2169 com
558 2105 673 2171 Olcrus
706 2106 760 2171 des
788 2104 968 2171 Decuuutes
999 2107 1154 2171 Mauteru
1187 2106 1239 2169 die
1271 2105 1420 2187 Zubluap
1450 2105 1503 2168 des

309 2208 489 2274 subsidium
517 2212 719 2275 caritativum
742 2210 909 2276 iurrcrbulb
933 2216 976 2275 30
998 2211 1103 2294 Tupcu
1126 2232 1169 2274 uu
1192 2211 1253 2275 deu
1276 2210 1421 2274 Decbuut
1443 2230 1504 2272 cors

598 2316 754 2380 Mouteru
775 2316 955 2381 Bultbusur
977 2316 1212 2399 Muscssperper.

414 2502 497 2568 copie
515 2503 542 2552 in
562 2501 660 2552 Cous
679 2502 696 2551 f.
711 2500 769 2552 108¹
777 2501 795 2551 f.

414 2626 475 2691 Vgl.
488 2641 526 2674 nr.
544 2627 619 2686 1970,
640 2625 714 2674 1972.

416 2789 574 2875 Georgius
603 2789 814 2852 miseracione
845 2787 954 2852 divina
984 2786 1065 2852 tituli
1088 2787 1208 2853 Sancte
1231 2787 1334 2851 Lucic
1356 2789 1389 2852 in
1413 2786 1500 2850 silice

311 2903 516 2959 sacrosancte
538 2894 683 2959 Romane
715 2891 851 2958 ecclesie
881 2892 1054 2979 presbyter
1081 2892 1254 2958 cardinalis
1278 2902 1311 2957 et
1333 2894 1502 2978 episeopus

311 2999 512 3063 Pataviensis
541 3001 701 3062 universis
732 3008 764 3063 et
794 2997 926 3083 singulis
957 2997 1130 3063 abbatibus
1152 2996 1312 3083 prioribus
1335 2997 1503 3081 prepositis

312 3126 351 3167 ac
385 3105 543 3189 priorissis
577 3112 610 3167 et
643 3103 855 3168 conventibus
889 3105 1154 3167 monasteriorum
1189 3104 1292 3167 sancti
1321 3100 1503 3183 Benedicti,

312 3208 484 3293 Augustini
519 3210 746 3273 canonicorum
780 3206 988 3294 regularium,
1020 3209 1122 3272 sancti
1152 3208 1314 3272 Dominiei
1346 3215 1378 3270 et
1408 3204 1504 3270 beate

313 3313 416 3377 Marie
438 3312 636 3397 Magdalene
667 3312 708 3377 de
736 3315 913 3399 penitentia
940 3312 1088 3377 ordinum
1112 3320 1144 3377 et
1166 3311 1376 3376 eeclesiarum
1398 3331 1505 3395 parro-

314 3417 464 3482 chialium
494 3417 674 3482 rectoribus
706 3419 775 3483 sive
809 3416 1076 3501 locatenentibus,
1112 3416 1288 3481 eorundem
1323 3414 1505 3480 divinorum

315 3522 574 3607 cooperatoribus
604 3544 732 3587 necnon
763 3522 962 3609 presbyteris
994 3523 1112 3586 curatis
1143 3532 1175 3586 et
1204 3542 1269 3585 non
1300 3522 1418 3584 curatis
1448 3540 1506 3604 per

315 3627 467 3692 diocesim
497 3636 639 3692 nostram
661 3628 887 3693 Pataviensem
917 3625 1054 3691 ubilibet
1085 3628 1262 3691 constitutis
1289 3627 1322 3690 in
1346 3624 1507 3689 decanatu

315 3731 503 3796 Mauttarnn
524 3740 583 3797 etc.
617 3732 700 3798 Cum
723 3755 766 3797 ex
789 3741 918 3797 vetusta
940 3730 1094 3796 laudabili
1116 3741 1149 3795 et
1170 3752 1191 3795 a
1212 3729 1318 3795 multis
1340 3729 1506 3793 retroactis

314 3835 516 3921 temporibus
550 3840 582 3901 in
618 3836 856 3922 episcopatibus
887 3844 920 3901 et
949 3834 1132 3900 diocesibns
1162 3836 1308 3920 parcium
1338 3832 1507 3897 Alemanie

315 3941 493 4028 approbata
527 3941 758 4007 consuetudine
792 3941 1010 4006 introductum
1040 3942 1080 4004 sit
1110 3949 1143 4004 et
1172 3938 1388 4022 observatum,
1421 3936 1508 4023 quod

316 4069 454 4133 persone
484 4047 712 4131 ecclesiastice,
744 4048 976 4131 cuiuscumque
999 4043 1164 4130 dignitatis
1187 4052 1287 4109 status
1310 4042 1430 4108 ordinis
1452 4050 1509 4105 aut

317 4151 514 4217 condicionis
538 4153 688 4234 existant,
711 4160 777 4215 tam
800 4158 951 4236 exempta
972 4171 1069 4235 quam
1090 4172 1152 4214 non
1169 4156 1320 4235 exempte
1336 4149 1401 4212 suis
1417 4148 1508 4211 novis

316 4255 499 4342 pastoribus
529 4265 562 4321 et
591 4255 759 4321 ordinariis
789 4254 832 4319 ad
864 4256 1067 4341 episcopatus
1095 4253 1278 4319 huiusmodi
1301 4275 1361 4339 per
1382 4272 1509 4316 cessum

317 4360 371 4427 vel
403 4361 573 4427 decessum
595 4363 767 4448 assumptis
790 4369 822 4425 et
843 4359 997 4445 legittime
1020 4360 1215 4425 confirmatis
1238 4358 1279 4423 de
1302 4357 1407 4443 aliquo
1431 4357 1508 4420 cari·

316 4468 416 4532 tativo
454 4465 596 4532 subsidio
631 4489 689 4532 seu
722 4463 950 4531 subvencionis
984 4464 1103 4531 auxilio
1138 4467 1229 4530 iuxta
1263 4462 1508 4549 prelaturarum,

319 4573 549 4638 beneficiorum
572 4580 604 4637 et
619 4581 759 4637 statuum
775 4592 907 4636 suorum
922 4569 1125 4636 contribuere
1140 4577 1323 4652 teneantur,
1345 4589 1403 4632 nos
1420 4586 1508 4645 vero,

318 4679 372 4764 qui
405 4676 448 4742 ad
481 4677 652 4743 ecclesiam
686 4677 914 4742 Pataviensem
948 4674 1065 4740 solacio
1099 4675 1236 4759 pastoris
1271 4681 1418 4738 carentes
1451 4692 1510 4756 per
