3388 5302
320 388 383 453 144

319 578 507 646 clamacioni
535 590 643 647 nostre
673 582 903 649 adherentibus
930 584 984 651 vel
1010 585 1168 651 adherere
1191 586 1373 653 volentibus
1396 611 1511 675 grava-

317 686 406 750 mina
435 696 468 752 et
496 688 720 773 oppressiones
749 697 876 754 nostras
905 711 964 755 seu
992 699 1114 755 metum
1139 693 1286 757 timorem
1308 691 1362 758 vel
1385 695 1513 759 commi-

318 793 488 856 nacionem
511 792 687 857 eorundem
710 795 834 859 cunctis
857 792 975 860 Christi
990 794 1141 860 fidelibus
1157 805 1190 860 et
1203 799 1368 882 potissime
1382 801 1513 863 sanctis·

318 896 399 960 simo
428 905 537 962 nostro
567 897 695 963 domino
725 898 827 979 Sixto,
852 899 962 966 divina
984 900 1195 986 providencia
1217 923 1303 988 pape
1325 911 1450 989 quarto,
1473 926 1513 969 ac

319 1000 372 1064 alii
396 1022 453 1065 seu
474 1000 554 1086 aliis,
585 1002 628 1067 ad
651 1025 747 1090 quem
774 1003 827 1070 vel
849 1004 892 1070 ad
916 1027 996 1092 quos
1018 1027 1071 1071 res
1093 1007 1153 1071 ista
1177 1005 1218 1072 de
1241 1008 1320 1072 iuris
1343 1017 1512 1073 consuetu·

319 1104 395 1170 dine
422 1104 476 1171 vel
498 1106 569 1172 stilo
591 1108 689 1174 fuerit
711 1107 915 1193 deducenda,
938 1111 1139 1176 innotescere
1164 1113 1329 1197 cupientes
1352 1114 1459 1177 animo
1482 1120 1515 1177 et

318 1212 500 1277 intencione
530 1212 716 1298 appellandi
744 1214 943 1299 provocandi
974 1214 1155 1301 suplicandi
1185 1215 1386 1281 reclamandi
1407 1238 1448 1281 ao
1470 1215 1514 1281 ad

318 1316 550 1383 beatitudinem
572 1340 665 1383 suam
688 1327 719 1384 et
741 1329 887 1385 sanctam
909 1318 1022 1385 sedem
1043 1320 1252 1407 apostolicam
1275 1342 1334 1407 pro
1357 1331 1514 1407 oportuno

318 1420 461 1487 remedio
483 1422 673 1488 recurrendi
696 1445 805 1489 coram
827 1423 921 1489 vobis
942 1427 1074 1490 notariis
1097 1424 1235 1512 pubheis
1258 1434 1291 1491 et
1310 1425 1446 1491 testibus
1461 1425 1515 1490 hic

319 1526 522 1613 presentibus
553 1526 690 1593 dicimus
717 1538 750 1594 et
777 1531 995 1615 proponimus,
1022 1529 1109 1617 quod
1132 1531 1279 1617 quamvis
1301 1532 1366 1595 iam
1390 1530 1514 1596 dudum

318 1653 378 1717 per
399 1630 502 1696 felicis
524 1632 755 1698 recordationis
770 1633 950 1718 Nicolaum,
973 1656 1134 1700 summum
1155 1634 1340 1721 pontificem
1356 1637 1513 1722 quintum,

320 1758 378 1822 pro
405 1739 523 1803 unione
545 1759 628 1823 pace
652 1747 684 1803 et
705 1739 933 1826 tranquillitate
955 1748 1112 1826 perpetuo
1135 1738 1310 1805 solidandis
1333 1749 1366 1805 et
1387 1760 1515 1805 conser-

319 1839 437 1907 vandis
459 1864 586 1908 necnon
608 1842 651 1907 ad
674 1842 846 1930 sopiendas
869 1843 1066 1910 differentias
1089 1844 1164 1909 olim
1185 1846 1269 1910 inter
1291 1853 1437 1909 sanctam
1452 1844 1514 1909 Ro

318 1969 450 2014 manem
481 1948 653 2013 eeclesiam
680 1959 712 2014 et
739 1949 882 2016 inclitam
906 1950 1102 2016 Germanic·
1124 1951 1294 2016 necionem
1317 1960 1447 2015 exortas
1471 1949 1515 2015 di·

319 2074 416 2119 versa
446 2052 657 2119 racionabilia
687 2062 720 2119 et
748 2053 836 2119 utilia
866 2053 1089 2121 ordinacionee
1120 2063 1153 2120 et
1179 2063 1299 2120 etatrta
1325 2078 1346 2120 a
1368 2054 1516 2140 partibus

319 2157 472 2223 hincinde
495 2158 675 2245 approbata
695 2157 828 2225 laudata
850 2158 1003 2225 conclusa
1018 2167 1154 2247 accepta
1169 2168 1201 2224 et
1218 2158 1414 2225 concordata
1429 2182 1513 2226 com-

319 2272 450 2349 pactata
481 2262 622 2350 quedam
651 2273 683 2329 et
704 2286 763 2350 pro
785 2264 917 2329 firmiori
941 2286 1052 2329 eorum
1076 2263 1283 2330 subsistentia
1305 2286 1364 2350 per
1386 2286 1517 2331 sacrum

319 2377 426 2434 cetum
449 2367 573 2454 collegii
597 2368 810 2434 cardinalium
831 2371 975 2434 unanimi
997 2390 1156 2435 consensu
1178 2371 1257 2434 inita
1279 2378 1312 2434 et
1327 2369 1516 2435 confirmata

318 2473 448 2559 fuerint,
471 2472 589 2561 quibus
612 2483 723 2560 aperte
747 2482 891 2558 cavetur,
914 2473 1001 2561 quod
1023 2476 1056 2538 in
1079 2473 1330 2560 metropolitanis
1353 2482 1386 2538 et
1407 2473 1516 2539 cathe-

319 2579 463 2646 drahbus
491 2582 587 2645 etiam
610 2578 793 2645 immediate
815 2601 880 2644 non
903 2578 1057 2644 subiectis
1080 2578 1225 2644 ecclesiis
1247 2577 1318 2643 sedi
1340 2578 1516 2665 apostolice

318 2686 399 2751 fiant
429 2686 621 2768 elecciones,
651 2706 714 2771 quc
744 2684 788 2748 ad
818 2683 938 2749 dictam
969 2683 1082 2749 sedem
1113 2682 1233 2749 deferri
1256 2692 1288 2749 et
1311 2684 1338 2748 si
1361 2685 1517 2749 canonice

319 2792 448 2875 fuerint,
479 2812 535 2856 eas
566 2790 750 2855 confirmari
781 2787 947 2854 deberent.
993 2789 1118 2855 Verum
1148 2809 1223 2853 cum
1250 2810 1356 2875 nuper
1377 2798 1517 2854 vacante

319 2896 458 2962 ecclesia
480 2896 665 2961 Pataviensi
682 2877 755 2980 'per
781 2892 925 2959 obitum²
948 2894 1021 2959 olim
1043 2893 1307 2959 reverendissimi
1329 2895 1439 2979 patris,
1463 2892 1518 2958 do

319 3003 397 3067 mini
420 2999 565 3066 Vdahici
599 3001 741 3086 episcopi
770 2999 872 3065 ultimi
903 3008 936 3064 et
964 3000 1130 3065 novissimi
1161 2997 1305 3063 eiusdem
1337 2997 1414 3063 dum
1436 2999 1518 3063 vixit

319 3107 512 3192 possessoris
542 3104 674 3189 ibidem,
706 3127 769 3192 que
800 3105 841 3170 de
871 3106 1009 3170 nacione
1031 3103 1228 3170 Germanica
1257 3104 1367 3168 existit
1392 3124 1517 3189 nosque

322 3210 440 3276 debitis
464 3210 643 3276 observatis
667 3208 922 3275 solemnitatibus
944 3211 1068 3275 vocatis
1091 3207 1306 3273 confratribus
1329 3209 1447 3273 nostris
1463 3206 1517 3273 ab

320 3315 464 3382 sentibus
494 3315 537 3381 ad
568 3325 692 3381 certum
722 3316 904 3399 terminum,
928 3316 1047 3402 inquo
1071 3313 1201 3401 quidem
1224 3314 1361 3378 termino
1383 3334 1516 3378 venera

319 3421 416 3487 bilem
440 3430 473 3487 et
490 3423 657 3506 egregium
673 3420 838 3485 dominum
851 3419 1064 3485 Fredericum
1080 3416 1327 3500 Mawrkiroher,
1349 3419 1517 3504 utriusque

317 3528 395 3592 iuris
420 3525 594 3610 doctorem,
619 3526 810 3591 canonicum
833 3534 865 3591 et
888 3523 1098 3611 capitularem
1113 3522 1237 3610 prefate
1254 3520 1390 3588 ecclesie
1405 3530 1515 3587 nostre

318 3632 522 3698 Patariensis
544 3652 672 3696 necnon
691 3630 893 3696 illustrissimi
907 3631 1060 3716 principis
1076 3637 1109 3694 et
1124 3627 1255 3713 domini,
1280 3625 1400 3693 domini
1415 3627 1515 3694 Geor·

320 3738 365 3823 gii
386 3735 544 3801 inferioris
567 3736 804 3822 superiorisque
826 3736 967 3800 Bauarie
983 3734 1077 3799 ducis
1093 3742 1154 3799 etc.
1171 3731 1411 3818 cancellarium,
1433 3753 1516 3797 com·

318 3842 408 3908 muni
431 3843 573 3907 omnium
596 3861 755 3905 consensu
778 3839 864 3904 nullo
889 3839 1093 3925 discrepante
1116 3837 1269 3903 concordi
1297 3859 1378 3902 voce
1403 3838 1436 3901 in
1463 3857 1515 3901 no-

320 3955 421 4012 strum
437 3968 477 4011 ac
493 3944 631 4011 ecclesie
646 3953 755 4009 nostre
767 3944 968 4010 Pataviensis
983 3944 1128 4009 futurum
1142 3945 1330 4030 episcopum
1346 3940 1512 4026 elegimus,

318 4054 374 4140 qui
404 4051 535 4138 quidem
565 4050 762 4116 venerahihs
792 4059 887 4137 pater
916 4049 1071 4115 eleccioni
1100 4047 1282 4115 huiusmodi
1305 4046 1406 4113 dese
1429 4045 1514 4111 facte

318 4157 480 4223 humiliter
502 4158 683 4222 assentiens
707 4155 846 4221 eandem
865 4141 1047 4242 acceptavit
1061 4162 1094 4220 et
1108 4155 1278 4219 ratificarit
1292 4175 1332 4218 ac
1348 4151 1515 4217 decretum

319 4263 461 4350 desuper
490 4265 523 4327 in
553 4262 659 4327 forma
689 4260 800 4326 debita
827 4260 898 4324 fieri
921 4269 954 4324 et
976 4259 1094 4325 confici
1116 4280 1155 4324 ae
1177 4257 1255 4323 illud
1279 4257 1434 4343 deinceps
1457 4278 1516 4342 per

318 4377 459 4434 oratores
482 4376 514 4433 et
535 4375 766 4455 procuratores
788 4373 913 4431 nostros
936 4372 969 4430 et
991 4363 1141 4452 prelibati
1163 4362 1283 4428 domini
1304 4363 1405 4428 nostri
1421 4360 1516 4427 electi

318 4577 402 4635 1932.
423 4589 436 4616 ⁸
455 4580 525 4632 Statt
545 4578 735 4632 umectam.

425 4702 436 4734 ¹
454 4705 471 4769 †
490 4705 557 4756 14⁷9
575 4701 678 4770 Septa
697 4699 799 4770 (Gams,
817 4699 914 4762 Series,
933 4698 960 4750 S.
972 4698 1042 4764 301).
