3388 5302
1299 442 1341 505 99

250 631 453 697 Venerabilis
483 631 610 714 devote,
640 635 674 696 in
697 632 824 699 Christo
855 636 981 698 sincere
1010 632 1141 698 dilecte!
1189 632 1275 712 Quia
1298 657 1341 697 ex

143 734 305 801 nonnullis
335 735 445 801 arduis
468 745 501 801 et
522 736 756 823 pregnantibus
780 740 885 802 causis
909 737 1029 802 nedum
1054 759 1256 802 communem
1280 747 1340 802 sta·

142 850 211 905 tum
239 838 494 906 ecclesiasticum
517 863 632 905 verum
656 842 759 906 eciam
781 840 921 927 prelatos
946 851 979 906 et
1001 841 1122 907 clerum
1146 852 1254 907 nostre
1278 841 1341 906 dio·

142 945 226 1009 cesis
250 944 519 1011 concernentibus
541 947 711 1010 statuimus
733 956 765 1010 te
781 956 814 1010 et
828 946 905 1011 alios
920 946 1060 1033 prelatos
1076 956 1184 1011 nostre
1204 945 1341 1011 diocesis

142 1049 227 1114 infra
251 1048 398 1114 Anasum
427 1048 470 1114 ad
500 1047 653 1136 oppidum
684 1059 829 1114 nostrum
851 1049 961 1115 Sancti
984 1050 1112 1137 Ippoliti
1135 1072 1272 1115 evocare
1296 1049 1338 1114 ad

143 1152 378 1219 consulendum
407 1162 440 1218 te
471 1164 504 1218 et
530 1153 599 1219 illos
622 1176 721 1239 super
742 1154 841 1219 rebus
863 1163 931 1219 tam
954 1157 1103 1219 maximis
1127 1163 1159 1219 et
1182 1176 1340 1239 pregnan-

141 1257 239 1343 tibus,
271 1280 335 1344 que
357 1257 450 1323 nobis
472 1257 533 1323 hoc
556 1268 701 1343 tempore
724 1260 899 1323 imminent.
935 1257 1018 1325 (lum
1041 1269 1148 1323 autem
1173 1258 1341 1323 eonsilium

141 1363 206 1428 tale
238 1372 306 1426 tam
328 1361 490 1427 fructuose
513 1370 655 1448 nequeat
677 1364 811 1448 captari,
835 1364 895 1427 nisi
917 1361 1011 1427 simul
1034 1362 1246 1448 personaliter
1270 1384 1341 1426 con·

142 1468 323 1550 veniamus,
354 1475 524 1552 eapropter
553 1468 672 1531 seriose
704 1465 927 1531 desideramus
957 1475 989 1531 te
1019 1468 1052 1531 in
1083 1466 1211 1530 domino
1238 1468 1340 1551 requi-

143 1570 248 1654 rendi,
277 1580 434 1657 quatenus
458 1570 500 1635 ad
525 1570 611 1635 diem
634 1581 745 1635 sancte
768 1570 933 1636 Dorothee
957 1570 1119 1654 (Februar
1135 1572 1169 1657 6)
1193 1574 1340 1658 proxime

143 1686 318 1741 venturum
341 1685 372 1741 te
395 1674 438 1740 ad
460 1675 622 1762 prefatum
644 1686 788 1741 nostrum
812 1674 967 1762 oppidum
990 1675 1100 1741 Sancti
1115 1675 1244 1763 Ippoliti
1268 1698 1341 1741 con-

142 1780 239 1845 feras.
286 1780 419 1845 Extuno
442 1783 545 1845 eciam
567 1779 612 1844 ibi
634 1779 846 1867 personaliter
869 1783 1099 1845 constituemur
1122 1780 1341 1846 consultantes

142 1907 286 1951 unacum
317 1884 387 1949 aliis
417 1884 549 1971 prolatis
579 1896 687 1951 nostre
711 1885 858 1970 diocesis,
883 1906 961 1972 quos
984 1885 1027 1950 ad
1050 1885 1211 1971 prefatum
1234 1888 1341 1950 termi-

143 2013 221 2056 num
254 1991 471 2073 evocavimus,
503 2012 601 2077 super
629 1990 699 2074 hiis,
728 2013 791 2077 que
813 1991 907 2055 vobis
930 2001 1157 2077 proponentur,
1182 2001 1214 2056 et
1237 2001 1341 2057 certos

143 2116 201 2159 nos
224 2095 337 2177 facias,
362 2093 448 2180 quod
471 2116 529 2180 pro
553 2096 806 2160 conservacione
828 2094 1071 2181 privilegiorum
1095 2106 1127 2159 et
1149 2095 1233 2160 bono
1257 2104 1341 2161 statu

143 2202 246 2266 tocius
278 2199 494 2264 ecclesiastice
521 2198 677 2265 libertatis
707 2198 912 2286 procurando
944 2198 1127 2264 huiusmodi
1157 2209 1266 2265 nostre
1290 2222 1341 2264 vo-

144 2307 269 2370 cacioni
301 2326 376 2369 cum
398 2302 516 2369 effectu
538 2326 665 2390 pareas,
689 2303 963 2391 quemadmodum
986 2327 1030 2370 ex
1052 2302 1253 2389 obediencia,
1277 2326 1342 2390 qua

144 2409 236 2475 nobis
264 2418 298 2474 et
318 2417 427 2474 nostre
450 2407 586 2474 ecclesie
608 2410 738 2492 teneris,
762 2407 889 2473 adhoc
913 2431 947 2474 es
971 2408 1139 2493 obligatus.
1163 2408 1202 2473 In
1227 2432 1264 2473 eo
1288 2407 1341 2474 de·

145 2517 236 2579 rocio
265 2523 322 2578 tua
344 2512 489 2579 debiturn
513 2536 606 2578 suum
630 2523 662 2578 et
684 2522 792 2578 nostre
814 2512 988 2578 voluntatis
1011 2511 1248 2599 beneplacitum
1272 2535 1342 2599 per·

144 2627 229 2704 aget.
276 2618 400 2683 Datum
429 2620 462 2683 in
493 2627 597 2683 castro
624 2626 731 2683 nostro
754 2617 937 2703 Ebelsperg
968 2617 1019 2682 die
1047 2619 1203 2683 vicesima
1231 2619 1343 2703 quinta

145 2725 265 2789 mensis
288 2725 445 2788 iannuarii
468 2745 552 2788 anno
576 2721 697 2788 domini
720 2730 780 2787 etc.
805 2722 978 2787 LXXVII.

187 2985 288 3055 1867.
911 2990 993 3050 1477
1012 2991 1140 3051 Februor
1153 2993 1183 3059 4,
1201 2992 1297 3051 Wlen.

144 3160 267 3228 Kaiscr
297 3159 469 3226 Friedrich
492 3159 561 3226 ΙΙΙ.
591 3160 739 3225 oerbietet
767 3159 833 3226 Aet
862 3159 987 3225 mous
1018 3181 1060 3226 aa
1089 3158 1253 3244 Gdttwet'p,
1287 3160 1342 3226 der

144 3266 338 3349 moedau
360 3264 414 3330 deo
429 3263 596 3347 Biscbofes
611 3264 724 3332 Uoco
746 3285 807 3329 oon
820 3264 959 3346 Posses,
981 3286 1024 3330 aa
1037 3264 1099 3329 den
1113 3263 1342 3349 Berotbanpen

321 3369 404 3434 narb
426 3368 475 3434 St.
491 3368 605 3436 Peren
626 3389 668 3434 ao
689 3367 840 3448 hommes,
864 3368 962 3452 Folpe
982 3389 1024 3433 aa
1046 3368 1164 3435 broten.

250 3545 336 3612 Copio
353 3546 382 3596 iu
400 3544 500 3596 cons
517 3544 535 3595 f.
549 3541 601 3597 62'.

250 3667 396 3718 Vormerk:
418 3666 564 3720 comm
580 3666 678 3717 dorns'm'
694 3668 857 3731 imperatorin
874 3667 904 3715 in
920 3666 1031 3717 consilto.
1052 3693 1083 3702 -
1103 3666 1163 3731 Vgl.
1177 3681 1216 3715 nr.
1232 3667 1306 3716 laco.

250 3844 338 3909 Dem
361 3851 422 3907 etc.
446 3839 526 3907 abbt
548 3862 621 3905 zum
645 3840 808 3925 Gottweig
824 3838 994 3904 Friderich
1018 3862 1081 3905 von
1104 3848 1188 3925 gotts
1210 3839 1342 3924 gnaden

143 3948 340 4017 Romischer
361 3948 472 4014 kaiser
494 3956 554 4013 etc.
594 3947 748 4012 Ersamer
769 3944 964 4030 geistlicher,
988 3943 1090 4010 lieber
1112 3944 1340 4031 anddchtigerl

143 4056 215 4123 Uns
247 4054 360 4138 lanngt
387 4077 439 4138 an,
462 4055 523 4117 wie
546 4051 622 4117 dich
645 4049 713 4117 und
735 4049 859 4115 annder
881 4072 1002 4115 unnser
1023 4048 1182 4135 preldtten
1204 4072 1341 4116 unnsers

142 4157 380 4226 ffimtentumbs
403 4157 600 4241 Osterreich,
633 4155 691 4221 der
721 4154 876 4221 bischove
906 4178 947 4219 zu
969 4155 1094 4220 Passau
1124 4155 1184 4219 auf
1209 4157 1263 4219 ain
1285 4163 1342 4239 tag

142 4287 208 4351 gen
231 4262 347 4330 Sannd
369 4261 496 4327 Pdllten
520 4284 557 4326 ze
581 4260 717 4325 chomen
741 4260 892 4325 ervodert
914 4257 989 4324 hab.
1028 4258 1200 4325 Nachdem
1223 4280 1259 4322 er
1281 4281 1342 4323 uns

143 4370 225 4435 aber
256 4365 344 4432 solhs
372 4365 489 4431 vorhin
520 4364 610 4429 nieht
638 4364 837 4443 verkhundt,
868 4363 951 4428 noch
982 4386 1020 4428 ne
1049 4364 1167 4428 wissen
1195 4373 1251 4428 tan
1275 4362 1342 4448 hat,

144 4471 365 4560 emphelhen¹
396 4473 455 4535 wir
485 4468 536 4534 dir
559 4469 712 4534 ernstlicb
735 4468 803 4534 und
825 4468 951 4551 wellen,
976 4467 1034 4533 das
1058 4466 1103 4532 dn
1126 4491 1166 4532 zu
1191 4466 1265 4532 dem
1287 4467 1342 4533 be·

144 4646 228 4702 1862.
251 4647 261 4679 ¹
279 4648 337 4699 Das
357 4647 463 4715 gleichc
482 4646 584 4697 Verbot
608 4644 721 4695 richtsto
743 4644 881 4695 Friedrich
898 4644 946 4697 111.
965 4649 1044 4695 unter
1066 4644 1220 4695 demselben
1242 4643 1340 4693 Datum

145 4753 180 4787 sn
198 4737 251 4787 don
268 4736 366 4802 Propst
382 4751 436 4785 ron
454 4734 685 4798 KIostemouburg
703 4732 899 4799 (Notizsnblatt
916 4732 977 4793 vn,
996 4734 1047 4795 27).

1152 4819 1185 4866 rs
