3406 5300
287 415 353 482 est

287 610 331 675 Et
359 617 395 675 ut
424 609 600 695 paternitas
627 631 658 672 v.
683 630 708 673 r.
734 607 775 673 de
798 607 931 694 singulis
954 630 1012 695 per
1035 607 1169 674 flauam
1191 606 1371 672 Iohannem
1393 604 1480 671 bone

288 715 443 780 memorie
473 722 506 778 et
534 736 586 779 me
616 715 716 799 gestis
738 712 868 800 plenam
892 717 999 801 capiat
1021 716 1172 780 noticiam
1194 722 1227 778 et
1248 713 1483 799 expositionem

288 822 454 885 racionem
480 839 539 904 per
567 840 642 883 eum
664 828 697 882 et
718 841 771 883 me
794 822 903 906 sepius
925 828 1023 885 antea
1044 821 1180 905 scriptis,
1203 826 1311 884 vestre
1334 841 1360 882 r.
1383 838 1414 903 p.
1438 814 1481 880 ad

288 923 493 1010 infrascripta
523 922 631 987 oculos
661 921 800 1008 legenda
827 923 971 1010 prebeat.
1019 925 1083 989 Die
1115 924 1165 990 14.
1188 922 1256 988 iulii
1287 922 1392 987 dictus
1414 922 1482 1007 qui·

289 1028 366 1094 dem
386 1028 487 1093 frater
500 1027 661 1092 Iohannes
684 1050 769 1092 anno
792 1027 833 1090 97
858 1028 1012 1114 spoliatus
1028 1029 1176 1094 omnibus
1192 1028 1292 1093 rebus
1306 1029 1340 1092 in
1354 1025 1481 1092 Urbem

289 1134 398 1220 [per]¹
420 1131 522 1219 pedes
544 1134 642 1216 veuit,
667 1154 763 1218 quem
785 1135 818 1197 in
841 1133 1021 1220 hospicium
1043 1155 1162 1215 meum,
1185 1143 1220 1198 ut
1235 1131 1413 1217 obligabat,
1436 1132 1481 1193 in·

289 1239 370 1304 tuitu
400 1246 507 1303 vestra
535 1260 562 1302 r.
586 1258 617 1323 p.
642 1237 766 1322 collegi.
811 1238 904 1303 Idem
935 1261 1009 1304 cum
1041 1238 1180 1325 quodam
1212 1240 1283 1303 cive
1307 1259 1350 1301 ex
1377 1234 1482 1300 Hallis

289 1342 362 1427 Eni,
393 1344 448 1428 qui
475 1363 585 1406 secum
614 1352 748 1407 venerat
777 1363 842 1406 non
871 1351 980 1408 tamen
1003 1343 1166 1429 spoliatus,
1189 1351 1295 1408 vestre
1318 1363 1344 1406 r.
1368 1362 1399 1427 p.
1422 1361 1482 1426 pro

289 1450 386 1513 certis
415 1448 561 1534 pecuniis
590 1468 649 1532 pro
678 1448 728 1512 sui
757 1449 993 1513 sustentacione
1024 1457 1056 1513 et
1083 1449 1291 1533 negociorum
1314 1445 1376 1511 sibi
1398 1466 1483 1510 com·

289 1554 461 1618 missorum
487 1550 701 1637 expedicione
723 1553 906 1638 scripserat.
951 1551 1007 1617 Ad
1030 1555 1098 1617 eius
1121 1555 1241 1638 scripta
1263 1554 1296 1616 in
1319 1550 1483 1615 banchum

290 1656 517 1743 Fuglrarorum
547 1656 677 1720 fuerunt
707 1655 845 1721 ordinati
873 1655 983 1721 ducati
1005 1666 1146 1740 centum,
1170 1678 1250 1744 quos
1273 1678 1332 1743 pro
1355 1654 1423 1720 sola
1444 1657 1484 1718 si·

290 1771 430 1848 gnatura
459 1761 679 1847 exempcionis
708 1761 853 1846 pontifici
882 1771 1070 1847 presentare
1093 1761 1299 1847 cogebamur,
1323 1770 1417 1847 prout
1439 1781 1483 1824 ex

292 1867 414 1932 crebris
435 1867 515 1931 meis
539 1866 650 1930 litteris
673 1876 706 1929 et
727 1866 828 1951 ipsius
851 1865 986 1950 abbatis,
1010 1867 1066 1953 qui
1081 1887 1135 1930 cos
1152 1867 1286 1931 Datario
1302 1887 1361 1952 pro
1376 1864 1483 1930 huius-

289 1970 377 2036 modi
407 1972 573 2057 signatura
603 1969 726 2052 obtulit,
754 1979 862 2036 vestra
883 1993 910 2036 r.
933 1992 965 2056 p.
989 1972 1124 2057 accepit.
1170 1970 1293 2035 Habita
1315 1972 1484 2055 signatura

289 2097 353 2141 non
385 2087 478 2140 erant
506 2076 643 2160 pecunie
673 2095 731 2161 pro
753 2073 930 2140 litterarum
954 2075 1176 2161 expedicione,
1199 2076 1268 2139 sine
1291 2097 1355 2161 qua
1378 2073 1482 2139 dictus

291 2180 453 2267 quondam
475 2179 576 2244 frater
597 2178 759 2244 Iohannes
782 2178 912 2244 domum
934 2179 1042 2245 redire
1064 2179 1202 2244 nolebat.
1241 2179 1351 2244 Habui
1372 2179 1416 2243 ad
1435 2200 1482 2243 re·

291 2307 420 2350 cursum
443 2283 485 2350 ad
509 2286 772 2350 constitucionem
793 2287 1017 2369 precariarum
1039 2285 1159 2350 factam
1173 2308 1232 2372 per
1247 2308 1279 2370 p.
1296 2307 1327 2349 v.
1344 2307 1381 2368 r.‚
1405 2283 1484 2348 dum

291 2399 361 2456 erat
388 2392 421 2455 iu
444 2389 546 2474 Urbe,
576 2391 609 2454 in
640 2411 703 2475 quo
727 2388 839 2453 doctor
861 2389 1103 2454 Maximilianus
1126 2398 1158 2454 et
1181 2411 1240 2474 ego
1263 2390 1427 2453 constituti
1450 2396 1484 2452 et

291 2494 427 2582 quilibet
448 2503 590 2559 nostrum
614 2496 648 2558 in
671 2492 808 2558 solidum
831 2515 941 2559 sumus
963 2491 1006 2558 ad
1029 2493 1239 2581 obligandum
1258 2495 1483 2580 paternitatem

290 2624 322 2665 v.
346 2624 372 2666 r.
396 2609 428 2664 et
457 2600 688 2664 monasterium
716 2620 775 2684 pro
805 2597 954 2664 ducentis
985 2598 1119 2683 ducatis,
1148 2602 1259 2684 vigore
1283 2601 1374 2664 cuius
1397 2619 1484 2662 man·

292 2704 360 2770 dati
389 2703 495 2768 dictus
525 2702 687 2789 quondam
717 2703 819 2768 frater
840 2702 1001 2768 Iohannes
1033 2714 1065 2769 et
1092 2726 1152 2790 ego
1181 2725 1224 2767 cx
1248 2702 1333 2768 dicto
1356 2701 1484 2767 bancho

292 2810 473 2895 recepimus
500 2808 638 2873 ducatus
661 2818 791 2874 centum
815 2817 848 2872 et
870 2810 1040 2893 sexaginta
1063 2808 1185 2894 absque
1209 2811 1374 2892 interesse,
1397 2805 1485 2894 quod

290 2914 400 2979 forsan
427 2916 520 2978 iuxta
542 2922 757 2978 mercatorum
781 2912 1047 2978 cousuetudinem
1069 2935 1126 2977 seu
1149 2915 1258 2978 verius
1280 2923 1391 2978 taxam
1413 2932 1485 2976 sex·

293 3018 398 3084 decim
426 3018 616 3084 ducatorum
639 3017 691 3083 vel
713 3016 834 3105 aliquid
857 3017 942 3084 ultra
964 3027 1022 3083 est.
1068 3019 1120 3083 De
1143 3017 1317 3103 praedictis
1339 3018 1486 3104 pecuniis

293 3126 499 3210 exposuimus
521 3124 726 3209 infrascripta
748 3124 892 3209 inprimis
914 3145 973 3209 pro
995 3122 1084 3187 bulla
1105 3124 1137 3187 in
1161 3123 1264 3188 forma
1280 3120 1486 3206 ,humilibus·,

292 3231 405 3314 vigore
438 3229 528 3292 cuius
557 3229 734 3313 paternitas
765 3236 873 3291 vestra
903 3249 976 3292 cum
1006 3226 1086 3311 aliis,
1117 3229 1171 3313 qui
1202 3226 1359 3292 disturbio
1390 3229 1484 3292 inter-

291 3333 433 3417 fuerunt,
461 3331 599 3397 absoluti
626 3332 766 3413 fuerunt,
797 3331 931 3396 ducatos
953 3331 1022 3396 XII
1048 3353 1107 3418 pro
1130 3332 1243 3396 litteris
1265 3332 1485 3416 ,conquestus‘

293 3437 451 3503 carolinos
467 3436 542 3521 VH,
565 3459 623 3524 pro
646 3435 772 3502 duobus
794 3434 978 3501 beatissime
1002 3458 1060 3501 seu
1082 3435 1368 3501 confessionalibus
1384 3456 1486 3500 unum

295 3543 477 3629 paternitati
507 3564 538 3607 v.
562 3564 600 3622 r.‚
631 3540 766 3606 alterum
790 3541 831 3606 N.
852 3540 975 3606 Ebmer
997 3542 1169 3606 novissime
1192 3563 1266 3606 cum
1289 3539 1417 3605 dommo
1439 3540 1487 3604 Io

293 3647 402 3711 banne
425 3646 531 3711 Ruedl
558 3668 632 3712 cum
655 3648 770 3712 ceteris
793 3648 894 3732 copiis
916 3646 1019 3710 missis
1042 3644 1199 3710 carolinus
1222 3657 1303 3730 octo,
1325 3644 1418 3710 fratri
1438 3644 1487 3709 Io·

294 3750 394 3815 hanni
416 3750 500 3816 bone
522 3753 675 3816 memorie
698 3772 756 3837 pro
779 3772 844 3815 uno
867 3772 950 3836 equo
972 3748 1107 3815 ducatos
1130 3748 1254 3834 decem,
1276 3770 1402 3815 summa
1422 3747 1487 3813 illo

294 3878 366 3921 rum
396 3857 510 3941 viginti
539 3864 605 3920 tres
636 3855 744 3920 ducati
776 3865 807 3921 et
830 3854 962 3920 carolini
983 3854 1035 3919 111
1056 3876 1115 3941 pro
1139 3853 1234 3920 bullis
1257 3854 1487 3940 exampoionis,

294 3982 352 4046 pro
375 3960 612 4046 supplicacione
637 3957 793 4025 carolinos
808 3959 849 4043 V,
871 3980 930 4045 pro
954 3960 1022 4023 eius
1044 3959 1274 4046 redempcione
1295 3981 1337 4024 ex
1352 3960 1487 4044 registro

296 4062 472 4130 carolinum
500 4065 527 4149 1,
550 4087 593 4129 ex
617 4063 810 4129 cancellaria
833 4061 990 4128 carolinos
1005 4062 1046 4128 V.
1070 4062 1311 4148 Abbreviatori,
1334 4064 1390 4150 qui
1412 4063 1489 4127 fecit

295 4171 460 4252 minutam,
492 4168 646 4235 ducatum
668 4169 695 4254 I,
725 4170 874 4255 scriptori
895 4189 953 4254 pro
977 4176 1068 4233 carta
1089 4178 1123 4234 et
1144 4167 1260 4234 salario
1282 4167 1438 4233 ducatum
1461 4167 1487 4249 I,

295 4275 365 4338 eius
395 4272 542 4338 familiari
569 4296 627 4360 pro
650 4272 810 4339 bibalibus
835 4271 1011 4338 carolinum
1033 4273 1060 4357 I,
1083 4274 1161 4337 item
1182 4271 1392 4358 scriptoribus
1414 4294 1487 4358 apo

296 4378 422 4463 stolicis,
447 4381 501 4465 qui
523 4377 646 4443 habent
667 4400 766 4443 unam
788 4387 909 4461 texam,
933 4376 1067 4443 ducatos
1090 4377 1167 4443 XII.
1211 4377 1266 4442 Ad
1288 4376 1421 4443 eosdem
1443 4399 1486 4443 ex

295 4484 408 4569 gracia
441 4482 636 4549 obtinuimus
668 4482 790 4549 bullam
823 4483 930 4547 taxari
961 4484 1150 4567 generosius
1181 4481 1315 4546 ducatos
1338 4481 1370 4547 II
1401 4504 1489 4547 caro-

297 4708 386 4767 2206.
403 4722 417 4747 ·
434 4712 491 4763 Aua
504 4713 641 4763 Versehen
658 4710 837 4777 ausgelassen.
