3364 5300
1291 396 1351 460 207

159 592 289 669 patrum
317 581 467 647 inherere
495 583 648 667 volentes,
673 585 728 670 qui
751 585 835 649 inter
856 585 920 650 alia
942 594 1131 669 statuerunt,
1155 596 1190 652 ut
1212 588 1239 651 si
1261 589 1313 651 cui
1335 611 1355 651 a

160 687 238 753 sede
270 686 446 774 apostolica
476 698 566 753 certa
588 688 741 753 mandata
765 688 1012 771 destinarentur,
1037 714 1099 777 que
1122 700 1263 757 mentem
1286 694 1355 756 eius

159 803 365 878 exasperent,
400 803 432 857 et
465 796 492 857 si
525 793 584 858 illis
620 795 653 858 in
687 797 861 859 continenti
895 817 958 860 non
994 805 1096 882 paret,
1131 795 1190 861 sed
1224 818 1354 862 oausam

159 898 279 984 allegat
309 896 547 981 racionabilem,
580 920 638 962 our
667 897 701 962 id
731 899 802 964 fieri
831 922 896 964 non
927 898 1054 985 debeat,
1083 903 1242 987 patienter
1265 903 1357 967 susti-

160 1003 258 1087 nebit,
290 1005 316 1067 si
347 1024 411 1067 non
442 1003 581 1085 fia[nt],¹
612 1025 676 1088 que
699 1026 802 1089 prava
823 1004 952 1086 fuerint,
977 1009 1168 1071 narracione
1192 1015 1355 1092 suggesta,

160 1120 248 1174 recte
280 1107 502 1173 demonstrans
533 1110 670 1172 maiores
702 1130 818 1174 causas
841 1108 884 1174 ad
907 1120 1052 1176 sanctam
1075 1110 1188 1176 sedem
1210 1111 1356 1196 apostoli·

161 1237 233 1279 carn
255 1213 382 1277 refferri
405 1210 526 1277 debere
542 1221 574 1277 et
589 1215 770 1299 iniquorum
786 1212 1011 1280 mandatorum
1027 1215 1178 1281 effectum
1194 1226 1230 1280 ut
1245 1218 1291 1281 sic
1307 1239 1355 1281 su·

160 1317 323 1404 spendere
353 1339 414 1382 nec
437 1318 545 1402 itaque
569 1317 630 1382 boc
653 1319 758 1404 ipsum
781 1340 845 1384 non
869 1342 912 1383 ex
935 1319 1109 1386 rebellione
1133 1320 1275 1406 quadam
1297 1320 1356 1385 sed

162 1434 327 1509 tamquam
351 1421 590 1505 obed[icntes]¹
613 1422 669 1488 filii
692 1445 751 1508 per
773 1422 1004 1509 appellationes
1027 1433 1152 1489 nostras
1174 1424 1357 1490 huiusmodi

160 1531 351 1616 gravamina
381 1538 490 1592 nostra
521 1528 564 1592 ad
587 1538 734 1593 sanctam
757 1529 869 1594 sedem
893 1529 1100 1615 apostolicam
1124 1532 1230 1595 animo
1255 1542 1287 1595 et
1313 1533 1357 1595 in·

161 1637 308 1700 tencione
332 1631 527 1698 devolvendi
549 1632 724 1698 retulimus
757 1633 1002 1699 Sanctissimum
1027 1633 1190 1699 dominum
1212 1643 1357 1700 nostrum

161 1751 327 1826 tamquam
357 1736 441 1802 male
472 1737 677 1803 informatum
708 1748 775 1802 tum
799 1738 913 1803 melius
935 1738 1175 1805 informandum
1198 1739 1359 1804 humiliter

162 1843 344 1910 huiusmodi
374 1853 499 1908 nostras
529 1842 761 1929 appellationes
791 1846 926 1930 proponi
952 1844 1088 1909 fecimus
1112 1854 1144 1908 et
1166 1845 1357 1909 commissio·

162 1973 237 2016 nem
267 1948 446 2014 earundem
469 1958 566 2033 atque
590 1950 742 2014 iustitiam
766 1948 905 2035 desuper
928 1947 1020 2014 nobis
1043 1948 1259 2014 administrari
1282 1950 1359 2035 peti·

162 2058 277 2139 vimus,
308 2075 405 2139 quem
436 2074 533 2116 cause
562 2054 784 2138 cognicionem
810 2076 964 2118 manuum
990 2063 1172 2119 nostrarum
1199 2052 1359 2140 subscrip-

163 2163 254 2225 cione
286 2167 318 2223 et
348 2158 519 2221 iuramenti
549 2159 745 2243 prestatione
768 2156 880 2223 fallere
903 2157 1069 2244 indignam
1091 2159 1359 2241 existimavimus,

163 2288 203 2330 ne
233 2262 316 2328 fides
348 2272 380 2326 et
410 2264 625 2327 iuramentum
648 2274 756 2327 essent
778 2263 943 2328 vinculum
966 2265 1150 2349 iniquitatis
1197 2262 1263 2329 Sed
1287 2263 1360 2329 bew

163 2379 283 2457 quante
299 2367 513 2434 adversitates
537 2369 570 2432 in
592 2366 774 2433 lacerandis
797 2367 934 2433 ecclesie
956 2369 1158 2434 Pataviensis
1182 2367 1359 2455 privilegiis

163 2486 194 2541 et
215 2472 417 2540 libertatibus
441 2472 533 2537 bonis
555 2472 653 2538 rebus
677 2482 709 2538 et
730 2472 941 2558 proventibus
963 2474 1062 2558 ipsius
1085 2484 1153 2538 tum
1177 2475 1274 2537 etiam
1301 2495 1358 2537 nos

163 2583 195 2645 in
219 2578 356 2645 statibus
378 2579 494 2641 nostris
517 2600 537 2641 a
559 2577 684 2663 prefato
706 2576 975 2642 reverendissimo
1000 2576 1127 2643 domino
1151 2576 1307 2642 cardinali
1328 2589 1359 2642 et

164 2688 228 2750 suis
260 2693 426 2770 tamquam
456 2706 476 2746 a
506 2680 613 2747 iudice
637 2691 669 2747 et
691 2691 800 2747 actore
824 2692 856 2746 et
878 2685 911 2746 in
934 2705 1033 2746 causa
1056 2704 1115 2745 sua
1137 2683 1268 2767 propria
1290 2691 1358 2747 tum

163 2812 221 2876 per
252 2788 566 2871 den[unti]aciones⁸
596 2789 800 2873 previsarum
824 2809 1035 2851 censurarum
1058 2786 1182 2871 absquo
1206 2808 1304 2851 eausa
1327 2797 1360 2851 et

164 2893 302 2959 obmisso
325 2913 478 2978 processu
501 2901 534 2955 et
555 2893 633 2987 iupis
656 2890 764 2956 debito
788 2894 884 2956 etiam
907 2893 1152 2956 sustinuerimus
1176 2901 1208 2955 et
1229 2899 1360 2977 propter

164 3002 325 3087 insignem
341 2997 568 3061 Pataviensem
585 2995 766 3079 ecclesiam,
790 3006 925 3060 matrem
949 2990 1091 3060 nostram
1114 3017 1242 3060 necnon
1266 2994 1359 3059 liber·

165 3116 245 3171 tates
278 3113 310 3168 et
333 3099 495 3166 servanda
519 3100 687 3186 privilegia
710 3111 742 3165 et
764 3122 896 3165 annexa
918 3109 1029 3165 sancte
1052 3101 1178 3164 iusticie
1202 3102 1360 3164 sustinere

165 3210 268 3276 coacti
292 3206 457 3288 fuerimus,
481 3207 544 3270 iam
568 3204 675 3291 palam
699 3215 755 3269 est.
772 3205 995 3270 Intelleximus
1018 3214 1176 3290 preterea,
1198 3202 1358 3290 quomodo

164 3311 307 3380 nonnulli
336 3310 514 3375 confratres
541 3310 651 3393 nostri,
680 3311 735 3395 qui
758 3331 792 3373 se
815 3333 835 3374 a
858 3308 949 3374 nobis
972 3332 1031 3396 pro
1055 3308 1223 3374 commodo
1247 3330 1358 3372 eorum

164 3421 289 3506 privato
321 3415 508 3499 diviserunt,
540 3437 574 3478 se
605 3423 752 3478 asserant
781 3413 956 3500 capitulum
987 3425 1020 3478 et
1042 3413 1225 3478 obedientie
1248 3422 1360 3477 sancte

165 3524 250 3589 sedis
281 3519 465 3608 apostolice,
496 3522 551 3605 qui
580 3526 648 3583 tum
678 3518 847 3584 nobiseum
877 3521 910 3583 in
933 3518 1081 3583 omnibus
1104 3515 1360 3604 appelationibus

166 3631 384 3716 perstiterunt,
412 3623 471 3689 sed
493 3622 625 3688 tandem
649 3624 744 3687 certis
768 3621 958 3688 tractatibus
981 3624 1233 3687 intervenientes
1256 3623 1362 3686 aversi

166 3744 249 3817 sunt,
281 3741 312 3796 et
336 3732 481 3795 raciones
506 3751 616 3793 eorum
647 3726 829 3793 obedientie
861 3728 964 3792 claras
992 3726 1156 3791 deducere
1184 3748 1361 3813 possemus,

167 3839 223 3904 scd
257 3858 316 3924 pro
350 3835 434 3899 bono
470 3835 560 3918 pacis
591 3831 796 3898 obmittimus.
839 3832 963 3897 Verum
993 3854 1068 3896 cum
1098 3834 1162 3917 sint
1192 3830 1363 3897 dumtaxat

167 3953 313 4030 quatuor,
345 3962 402 4005 nos
433 3961 511 4003 vero
542 3937 685 4003 sedecim
713 3940 820 4002 sanior
850 3947 883 4002 et
910 3938 1011 4001 maior
1033 3958 1120 4022 pars,
1144 3935 1304 4023 quomodo
1327 3959 1362 4000 se

168 4046 342 4135 capitulum
370 4046 535 4109 nominare
559 4053 700 4128 possunt,
725 4064 788 4128 que
811 4041 937 4107 illorum
960 4042 1060 4126 possit
1083 4063 1153 4105 esse
1177 4042 1361 4125 auctoritas,

167 4163 311 4218 vestrum
333 4152 374 4215 sit
396 4148 559 4213 iudicium.
602 4148 645 4212 Et
667 4149 693 4212 si
716 4146 1005 4212 reverendissimus
1029 4144 1191 4232 quondam
1214 4144 1362 4210 dominus

169 4255 339 4322 cardinalis
362 4252 483 4339 aliquid
506 4254 583 4317 iuris
604 4254 635 4315 in
652 4262 685 4316 et
699 4251 741 4316 ad
759 4251 929 4316 ecelesiam
944 4250 1171 4315 Pataviensem
1187 4248 1362 4333 habuisset,

169 4361 253 4448 quod
284 4371 392 4425 tamen
423 4379 510 4422 nunc
533 4355 740 4421 concedimus
764 4366 873 4421 tamen
897 4377 955 4441 per
977 4353 1099 4419 obitum
1121 4353 1237 4440 prefati
1261 4352 1363 4418 cardi·

169 4466 247 4532 nalis
278 4466 385 4547 etiam,
416 4464 507 4526 ouius
538 4461 679 4526 violenta
709 4460 948 4527 administracio
979 4482 1088 4524 rerum
1112 4468 1144 4522 et
1166 4459 1363 4523 auctoritatis

171 4690 249 4745 lass.
273 4704 286 4727 ⁸
304 4691 385 4743 Fehlt
404 4689 504 4755 infulge
522 4689 569 4738 der
582 4688 826 4754 Versttimmeluug.
