3364 5300
1294 452 1356 518 237

164 645 280 710 nullius
312 647 358 710 sic
388 647 622 710 nominatorum
651 655 728 709 vota
757 667 792 710 se
822 643 906 710 ultra
935 643 1141 710 medietatem
1164 644 1357 730 eligenoium

162 750 357 815 extendisse.
403 748 478 828 Qua
506 750 691 814 diversitate
714 749 876 814 intellecta
898 772 956 814 nos
980 749 1201 836 capitulariter
1226 771 1358 835 congre·

161 856 225 940 gati
238 876 367 919 rursum
378 857 410 919 in
422 855 564 940 prefatos
578 852 721 918 dominos
738 853 919 937 officialem,
935 856 1134 940 prepositum
1152 864 1185 918 et
1197 853 1358 919 decanum

162 962 271 1043 vigore
302 960 415 1044 prioris
445 957 665 1045 stipulacionis
695 958 737 1022 de
767 980 850 1022 novo
886 960 1164 1044 compromisimus
1198 958 1358 1022 transfun-

162 1064 275 1128 dentes
305 1064 435 1150 plenam
466 1073 607 1128 nostram
639 1072 670 1127 et
701 1061 873 1126 cuiuslibet
902 1075 1046 1128 nostrum
1076 1065 1301 1127 auctoritatem
1324 1065 1358 1127 in

163 1168 303 1244 eosdem,
334 1178 370 1232 ut
400 1191 443 1233 ex
474 1168 667 1254 supradictis
698 1170 744 1230 sic
775 1190 833 1252 per
860 1178 935 1231 vota
957 1177 1066 1232 nostra
1089 1169 1260 1232 nominatis
1283 1189 1357 1232 eum

163 1272 317 1358 eligerent
340 1283 372 1337 et
393 1272 607 1359 publicarent,
632 1276 686 1357 qui
710 1274 786 1357 ipsis
809 1294 867 1357 pro
891 1283 998 1337 nostro
1022 1274 1215 1336 monasterio
1237 1275 1270 1337 in
1294 1275 1357 1358 spi-

161 1377 328 1442 ritualibus
352 1388 383 1442 et
404 1378 634 1463 temporalibus
656 1379 759 1461 magis
783 1377 867 1441 utilis
890 1398 961 1441 esse
984 1377 1157 1441 videretur.
1191 1377 1355 1441 Discussis

161 1486 257 1567 igitur
279 1481 413 1567 singulis
436 1483 603 1546 memorati
628 1480 747 1546 domini
770 1483 1037 1567 compromissarii
1055 1480 1190 1546 diversis
1206 1484 1357 1567 respecti-

160 1587 221 1652 bus
244 1598 278 1651 et
300 1586 488 1652 utilitatibus
511 1588 694 1650 monasterii
717 1589 859 1671 pensatis
882 1585 925 1650 ad
941 1607 1000 1650 nos
1015 1584 1123 1650 adhuc
1139 1586 1357 1671 capitulariter

163 1704 376 1777 congregatos
406 1691 572 1755 redierunt
601 1702 781 1755 asserentes
812 1711 846 1753 se
878 1693 909 1754 in
934 1712 1033 1754 unum
1056 1711 1099 1753 ex
1122 1690 1275 1775 predictis
1297 1713 1357 1776 per

162 1819 219 1861 nos
248 1797 419 1861 nominatis
450 1798 641 1860 convenisse
670 1817 710 1858 ac
740 1806 897 1879 quantum
920 1794 1028 1858 adbuc
1052 1794 1092 1857 de
1116 1804 1224 1859 nostra
1245 1794 1356 1860 volun-

160 1914 224 1967 tate
247 1911 343 1984 esset,
368 1924 441 1966 eum
464 1901 678 1985 pronunciare
702 1899 832 1964 vellent.
875 1900 929 1963 Ad
945 1922 1043 1984 quarn
1058 1902 1356 1984 pronuntiaoionem

160 2028 217 2093 nos
249 2028 361 2071 omnes
393 2016 424 2070 et
454 2004 569 2088 singuli
602 2006 823 2069 consensimus
852 2025 988 2089 eamque
1012 2004 1081 2068 fieri
1104 2014 1137 2068 et
1159 2004 1356 2089 promulgari

160 2113 331 2196 petivimus
362 2133 400 2174 ac
431 2109 565 2195 quilibet
592 2120 734 2173 nostrum
759 2111 938 2174 consenssit
959 2121 992 2173 et
1012 2108 1210 2194 promulgari
1232 2111 1355 2195 petivit.

160 2215 233 2296 Quo
255 2215 341 2279 facto
364 2214 545 2278 antedictus
569 2213 716 2277 dominus
738 2212 898 2279 Iohannes
922 2213 1222 2278 Kalltenmarkbter
1245 2213 1356 2278 doctor

160 2330 191 2384 et
214 2318 359 2384 officialis
383 2320 680 2403 compromissarios
705 2317 900 2402 collegarum
927 2340 1058 2383 suorum
1080 2319 1168 2382 iussu
1193 2328 1225 2382 et
1247 2328 1356 2383 nostro

161 2424 387 2509 pronunciavit
402 2432 435 2487 et
456 2445 514 2508 pro
538 2422 640 2485 electo
662 2421 879 2507 promulgavit
900 2421 1119 2487 venerabilem
1142 2433 1277 2508 patrem,
1302 2423 1355 2487 do

160 2530 282 2591 minum
313 2527 471 2592 Mathiam
502 2524 543 2590 de
570 2525 707 2591 Crembs
737 2530 842 2591 virum
871 2529 937 2590 vite
967 2537 1000 2590 et
1029 2548 1154 2591 morum
1188 2526 1355 2592 honestate

160 2629 451 2696 commendabilem
481 2640 514 2695 et
536 2630 681 2695 eiusdem
704 2633 803 2695 nostri
826 2632 1009 2695 monasterii
1032 2631 1213 2715 professum
1237 2641 1269 2695 et
1292 2630 1352 2695 cel·

158 2737 312 2802 lerarinm
341 2738 373 2800 in
404 2736 583 2801 sacerdotio
614 2737 819 2801 constitutum
848 2748 880 2800 ct
907 2758 951 2800 ex
977 2738 1177 2801 matrimonio
1200 2736 1355 2821 legittimo

159 2851 373 2927 procreatum,
396 2844 430 2905 in
452 2841 667 2927 spiritualibus
692 2852 724 2905 et
747 2841 977 2927 temporalibus
1001 2844 1214 2911 exercitatum
1236 2852 1269 2906 et
1296 2843 1354 2906 cir·

159 2958 382 3031 cumspectum
405 2949 436 3010 in
461 2945 556 3026 hunc,
581 2949 635 3032 qui
658 2948 812 3032 sequitur,
836 2946 980 3010 modum:
1005 2946 1043 3011 In
1067 2949 1195 3010 nomine
1219 2946 1353 3031 domiui3

158 3074 263 3117 amen.
300 3051 354 3115 Ad
377 3050 506 3116 laudem
530 3062 562 3116 ct
583 3051 717 3135 gloriam
741 3053 940 3115 sanctissime
964 3061 996 3115 et
1017 3051 1183 3115 individue
1206 3053 1353 3117 trinitatis

158 3158 258 3241 patris
288 3165 321 3219 et
350 3155 406 3219 filii
437 3168 469 3220 et
496 3158 625 3240 spiritus
648 3157 751 3220 sancti
775 3177 835 3238 ego
858 3154 1020 3219 Iohannes
1042 3155 1352 3238 Kalltenmarkhter,

158 3263 246 3325 curie
269 3260 471 3324 Pataviensis
501 3258 657 3342 officialis,
685 3263 718 3323 in
746 3262 903 3344 presentis
926 3258 1096 3323 eleccionis
1119 3263 1246 3346 negotio
1270 3282 1352 3324 corn-

159 3366 382 3449 promissarius
411 3387 484 3429 mea
515 3376 547 3428 et
577 3363 773 3448 collegarum
800 3385 945 3428 meorum
974 3365 1043 3428 vioe
1067 3386 1105 3427 ac
1128 3366 1218 3428 iussu
1241 3386 1352 3428 eorun-

159 3468 234 3533 dem
258 3470 425 3554 tociusque
448 3468 542 3532 huius
565 3470 749 3533 monasterii
764 3468 860 3533 beate
876 3468 980 3533 Maris
996 3471 1129 3553 virginis
1145 3470 1176 3532 in
1194 3468 1353 3534 Gottwico

158 3573 278 3637 ordinis
308 3575 411 3637 sancti
433 3572 602 3637 Benedicti
624 3574 824 3637 Pataviensis
855 3571 990 3637 diocesis
1019 3584 1197 3637 conventus
1219 3575 1352 3637 racioni-

158 3677 217 3742 bus
248 3677 332 3760 eligo
363 3687 395 3742 et
424 3676 563 3742 electum
586 3680 763 3763 pronuncio
786 3677 1005 3742 venerabilem
1028 3689 1163 3763 patrem,
1188 3677 1350 3743 dominum

159 3780 315 3845 Mathiam
347 3781 387 3845 de
410 3780 547 3847 Orembs
578 3781 805 3868 presbyterum
837 3804 990 3867 expresse
1021 3780 1201 3867 professum
1232 3780 1353 3846 ordinis

160 3897 189 3949 et
218 3888 404 3950 monasterii
435 3886 655 3971 predictorum
678 3890 709 3950 in
732 3885 876 3951 eiusdem
901 3888 1081 3951 monasterii
1105 3885 1258 3951 abbatem
1281 3908 1351 3971 pre·

158 3988 256 4055 latum
280 4001 312 4054 et
334 3999 495 4076 pastorem
518 3994 689 4077 ipsumque
712 3990 808 4055 talem
831 3993 1008 4076 pronuncio
1030 3993 1063 4054 in
1085 3990 1147 4053 biis
1170 3992 1295 4076 scriptis
1319 3994 1349 4054 in

159 4097 285 4159 nomine
317 4096 416 4180 patris
447 4106 479 4159 et
508 4095 563 4159 lilii
593 4105 625 4160 et
651 4097 780 4180 spiritus
809 4098 919 4160 sancti.
966 4096 1096 4158 Dictum
1119 4117 1197 4159 vero
1220 4094 1351 4158 eleccio-

158 4220 230 4263 nem
255 4201 302 4262 sic
325 4198 522 4264 celebratam
546 4210 579 4264 et
601 4199 795 4285 publicatam
820 4221 931 4263 omncs
953 4200 1148 4263 unanimiter
1170 4201 1351 4284 recepimus

159 4311 190 4366 et
217 4303 471 4388 approbavimus
501 4307 671 4390 ipsumque
699 4304 838 4368 electum
866 4304 986 4368 ibidem
1009 4314 1191 4388 presentem
1215 4314 1247 4368 et
1269 4302 1350 4367 elec·

159 4409 282 4471 cionem
314 4407 355 4470 de
385 4430 420 4472 so
450 4409 569 4472 factam
600 4408 786 4472 audientem
810 4407 919 4472 debita
942 4430 1016 4472 cum
1039 4410 1196 4473 instancia
1219 4408 1350 4492 requisi-

159 4512 272 4593 vimus,
304 4522 339 4575 ut
368 4513 428 4597 ipsi
458 4511 612 4576 eleccioni
643 4511 684 4576 de
714 4534 749 4575 se
772 4512 857 4575 facte
879 4522 1038 4597 prestaret
1061 4534 1261 4576 consensum.
1307 4512 1351 4576 Et

158 4610 232 4677 licet
253 4616 323 4700 ipse
346 4638 380 4679 se
403 4616 572 4701 indignum
594 4625 626 4679 et
648 4615 896 4680 insufficientem
919 4626 1087 4698 assereret,
1112 4616 1219 4681 divine
1241 4627 1349 4679 tamen

160 4717 269 4784 nolens
300 4722 447 4785 resistere
479 4720 633 4785 voluntati
664 4722 778 4785 nostris
810 4720 956 4784 devictus
983 4720 1134 4805 precibus
1161 4730 1226 4783 tam
1249 4719 1348 4784 humi-
