3388 5302
336 345 398 407 116

334 536 471 601 Romani
494 539 654 602 tricesimo
677 547 801 620 octavo,
824 538 949 623 imperii
971 538 1123 602 vicesimo
1139 544 1241 620 sexto,
1265 535 1434 621 Hungarie
1449 557 1528 599 vero

335 639 461 706 decimo
483 663 576 706 6666.

379 852 476 920 1894.
1120 855 1203 914 1477
1219 855 1282 913 Jull
1298 856 1349 923 29,
1366 856 1484 915 llrcns.

333 1026 455 1091 Kaisar
484 1025 653 1092 Friedrich
676 1025 744 1090 ΙΙΙ.
767 1030 899 1090 emant
930 1024 1033 1108 Georp
1060 1025 1185 1108 Pfleyer
1214 1046 1275 1090 666
1297 1022 1527 1089 Wiener-Nera

660 1131 746 1196 stadt
767 1151 840 1194 6666
863 1129 1062 1211 offentlichen
1082 1130 1199 1195 Notur.

425 1305 521 1372 (lepis
539 1308 567 1356 in
585 1304 684 1357 coer
702 1306 720 1355 t‘.
734 1306 774 1355 ⁷2.

436 1478 624 1544 Fridericus
647 1488 707 1542 etc.
731 1479 864 1545 honesto
888 1478 1029 1563 Georgio
1054 1477 1197 1562 Phleger
1228 1476 1269 1543 (16
1291 1477 1528 1559 Nouaciuitate,

333 1592 441 1649 nostro
463 1582 552 1648 fideli
575 1582 691 1648 dilecto
716 1594 775 1648 etc.
810 1583 957 1649 Honeste
980 1582 1084 1648 fidelis
1108 1582 1238 1648 dilectet
1261 1591 1322 1647 etc.
1360 1581 1409 1646 Te
1430 1583 1529 1666 igitur

334 1688 511 1773 Georgium
541 1689 798 1773 prenominatum
828 1690 1057 1775 premissorum
1080 1690 1196 1754 intuitu
1218 1686 1261 1753 ad
1284 1686 1346 1751 hoc
1369 1688 1528 1751 examinis

333 1795 439 1879 rigore
469 1794 581 1878 previo
611 1790 775 1879 ydoneum
805 1802 969 1879 repertum
990 1791 1206 1876 tabellionem,
1230 1791 1427 1856 ordinarium
1450 1789 1528 1855 iudi·

333 1918 404 1961 cem
427 1899 495 1961 sive
517 1895 682 1981 publicum
704 1898 864 1961 notarium
886 1898 993 1961 animo
1016 1895 1194 1961 deliberato
1217 1906 1306 1961 etex
1323 1905 1412 1961 certa
1427 1896 1528 1960 soien-

334 2002 384 2065 cia
407 2000 542 2064 fecimus
566 2003 746 2065 creavimus
767 2000 987 2066 ordinavimus
1003 2010 1035 2064 et
1051 2003 1272 2065 constituimus
1287 2000 1423 2065 facimus
1440 2021 1527 2064 crea·

333 2127 405 2170 mus
428 2104 615 2170 ordinamus
639 2115 672 2169 et
694 2108 915 2170 constituimus
937 2108 1142 2191 presencium
1162 2126 1223 2193 per
1241 2114 1396 2170 tenorem.
1420 2103 1469 2168 Te
1486 2102 1527 2169 (16

333 2209 437 2275 officio
468 2209 659 2294 huiusmodi,
690 2212 736 2275 uti
762 2213 859 2275 moris
882 2220 940 2296 est,
970 2212 1146 2295 graciosius
1169 2212 1371 2276 instituentes
1394 2217 1526 2295 recepto

332 2324 441 2379 tamen
472 2315 561 2399 prius
592 2337 612 2378 6
642 2322 673 2379 te
703 2315 735 2378 in
763 2336 878 2379 manus
904 2325 1030 2380 nostras
1054 2314 1212 2401 corporali
1235 2325 1267 2379 et
1289 2316 1322 2378 in
1344 2311 1527 2378 huiusmodi

332 2419 469 2505 prestari
502 2418 592 2483 solito
621 2420 801 2483 iuramento
831 2422 865 2484 in
895 2419 982 2485 hune
1013 2418 1166 2484 videlicet
1198 2428 1344 2485 tenorem
1378 2427 1527 2484 sonante:

334 2546 393 2609 ego
417 2523 577 2609 Georgius
600 2526 750 2609 promitto
774 2535 806 2590 et
828 2526 907 2610 iuro,
931 2525 1018 2610 quod
1040 2524 1146 2589 fidelis
1170 2547 1224 2589 ero
1246 2523 1472 2609 gloriosissimo
1496 2533 1529 2589 et

332 2629 540 2694 invictissimo
570 2630 707 2714 principi
737 2641 769 2694 et
800 2629 937 2715 domino,
968 2629 1095 2695 domino
1118 2630 1286 2695 Friderioo
1309 2630 1528 2694 Romanorum

331 2734 516 2819 imperatori
547 2754 676 2817 semper
706 2743 842 2817 augusto
873 2744 905 2798 et
934 2734 1082 2799 omnibus
1111 2733 1352 2799 successoribus
1376 2733 1529 2798 6166116-

332 2860 500 2902 manorum
536 2837 785 2922 imperatoribus
820 2848 852 2904 et
885 2838 1017 2923 regibus
1051 2840 1205 2925 legittime
1239 2839 1433 2905 intrantibus
1465 2859 1527 2902 nec

332 2964 486 3028 umquam
516 2963 570 3006 ero
598 2942 630 3005 in
654 2940 795 3028 oonsilio,
820 2941 876 3007 ubi
899 2943 1078 3029 periculum
1102 2966 1195 3009 6666
1218 2952 1382 3025 tractetur,
1406 2941 1526 3007 bonum

331 3055 365 3113 et
386 3046 523 3112 salutem
546 3047 614 3111 eius
637 3046 845 3132 promovebo,
869 3047 1011 3133 dampna
1034 3047 1117 3113 illius
1141 3070 1198 3134 pro
1221 3070 1294 3113 mea
1316 3046 1527 3135 possibilitate

330 3160 486 3236 avertam,
509 3153 721 3217 instrumenta
744 3173 820 3216 vero
845 3161 877 3217 et
896 3161 1080 3217 contractus
1104 3174 1313 3239 quoscunque
1333 3161 1525 3217 testamenta

332 3254 495 3321 codicillos
526 3268 558 3322 66
587 3279 798 3343 quascunque
826 3257 954 3322 ultimas
981 3257 1163 3322 voluntates
1185 3279 1313 3322 necnon
1335 3256 1527 3322 iudiciorum

331 3368 415 3444 acta,
446 3363 575 3426 testium
607 3361 828 3447 deposiciones
860 3371 892 3425 et
922 3360 1010 3427 dicta
1039 3361 1178 3428 fideliter
1208 3362 1410 3426 conscribam
1432 3369 1465 3425 66
1487 3383 1527 3426 ea

332 3463 456 3529 occulte
487 3466 624 3530 servabo
655 3465 797 3553 nullique
825 3466 979 3552 pandam,
1008 3465 1112 3531 (16666
1135 3466 1273 3531 debeam
1296 3476 1352 3531 666
1375 3467 1416 3531 (16
1439 3488 1526 3531 man·

333 3569 407 3634 dato
437 3569 553 3635 iudicis
583 3570 636 3636 vel
666 3572 819 3656 exigente
849 3573 974 3636 iusticia
1005 3570 1221 3658 publicentur,
1252 3594 1366 3636 causas
1397 3572 1526 3636 misera·

331 3673 442 3739 bilium
473 3697 682 3761 personarum
712 3675 929 3762 orphanorum
952 3675 1124 3741 viduarum
1147 3685 1180 3742 66
1202 3676 1405 3762 hospitalium
1428 3686 1526 3762 atque

332 3778 579 3845 emendacionos
602 3783 728 3845 viarum
750 3781 953 3866 publicarum
976 3803 1034 3867 pro
1056 3781 1179 3847 viribus
1201 3782 1409 3868 promovebo.
1447 3780 1526 3848 Offi-

333 3886 418 3948 cium
441 3906 569 3971 quoque
591 3887 768 3950 notariatus
791 3888 860 3951 sive
882 3885 1106 3951 tabellionatus
1130 3886 1293 3951 exercebo
1308 3885 1446 3952 fideliter
1460 3909 1524 3952 non

332 3989 529 4055 attendendo
560 4012 696 4055 munera
713 3991 834 4056 odium
864 3991 918 4056 vel
945 3991 1090 4056 favorem
1113 3990 1186 4057 dolo
1209 4003 1242 4057 et
1263 3991 1378 4057 fraude
1400 3993 1434 4057 in
1455 4014 1525 4078 pre·

332 4096 436 4159 missis
468 4097 598 4160 semotis
629 4095 805 4181 quibusvis.
852 4096 906 4162 Sic
936 4118 989 4162 me
1020 4096 1101 4161 deus
1127 4096 1260 4162 adiuvet
1283 4106 1315 4162 et
1337 4105 1449 4162 sancta
1473 4095 1527 4161 dei

336 4199 524 4285 evangelia.
569 4199 786 4265 Decemimus
815 4203 947 4286 insuper
976 4210 1073 4287 atque
1103 4202 1164 4267 hoc
1195 4224 1326 4266 cesaree
1356 4203 1526 4266 statuimus

333 4303 449 4387 edicto,
480 4304 566 4390 quod
597 4315 632 4370 66
662 4327 793 4371 exnunc
822 4308 856 4370 in
885 4315 981 4370 antea
1009 4309 1112 4391 possis
1143 4317 1175 4370 et
1203 4305 1314 4371 valeas
1343 4328 1403 4392 per
1424 4314 1526 4371 totum

331 4408 513 4474 Romanum
544 4411 715 4495 imperium
745 4433 785 4474 ac
807 4409 928 4496 ubique
951 4420 1110 4475 terrarum
1133 4410 1242 4475 facere
1265 4421 1297 4475 et
1319 4410 1526 4476 conscribere

331 4515 544 4578 instrumenta
577 4523 644 4577 tam
677 4512 808 4599 publica
841 4535 940 4600 quam
973 4516 1108 4600 private,
1142 4512 1270 4580 ultimas
1303 4537 1525 4602 quascumque

331 4617 523 4703 voluntates,
553 4617 744 4685 iudiciorum
773 4628 848 4685 acte
878 4641 917 4685 66
940 4621 1046 4685 omnia
1068 4628 1101 4684 et
1122 4618 1249 4707 singula
1271 4642 1438 4703 exercere,
1462 4642 1525 4707 que
