3388 5302
1303 416 1343 481 91

151 622 254 686 weyers
285 603 521 688 Streite'plteiten
549 605 628 670 umb
664 605 773 671 ettlich
802 608 887 672 wein
918 607 984 671 und
1015 607 1094 693 gellt
1122 609 1213 672 ainer
1243 631 1346 696 erung

151 706 270 773 halben
301 708 411 786 dubia,
439 709 515 775 dass
542 731 576 774 cr
597 712 663 793 aas
679 710 739 776 das
760 711 1125 795 Mitbesicpcluapsrecbt
1146 714 1213 794 aas
1229 711 1346 779 Grcnd

149 813 250 878 seiam
272 811 560 896 Erboopteirecbtes
589 814 657 880 aad
686 816 752 897 aas
768 817 956 902 weinerung
978 815 1046 881 und
1069 815 1148 902 gellt
1169 816 1345 884 varinus.

253 915 391 1000 Siepler:
421 917 537 982 Hanns
559 940 625 983 von
647 919 768 985 Trawn
790 922 850 985 mit
871 920 941 985 dem
963 919 1211 1004 ucfpcdratcltten
1233 919 1345 1005 Senot.

250 1020 391 1087 Datum.-
435 1020 629 1088 Geschehen
668 1046 710 1088 au
743 1023 883 1089 Trawen
919 1046 962 1090 un
997 1034 1114 1109 suntag
1147 1046 1207 1089 vor
1240 1024 1346 1091 sannd

148 1124 331 1210 Luceintag
354 1124 480 1213 (1475).
1196 1137 1200 1143 '

254 1299 337 1365 copie
355 1302 481 1353 inseriert
497 1304 527 1353 in
546 1319 584 1353 ur.
603 1305 678 1363 1933,
696 1304 774 1371 Perg.
804 1303 931 1355 Deutsch.

193 1543 294 1613 1856.
802 1552 885 1611 1475
901 1554 1063 1613 manner
1079 1555 1129 1620 rs,
1146 1554 1303 1627 maweu.

147 1737 214 1802 Ate
244 1736 368 1803 Loreas
397 1760 458 1804 oon
487 1739 642 1823 Groneia
670 1739 789 1806 erloldrt
819 1740 960 1824 Biscleof
987 1740 1121 1806 Jobonn
1148 1760 1209 1806 oen
1238 1741 1348 1806 Trient

173 1841 260 1906 aeine
281 1842 565 1926 Bereitwilliplreit
590 1845 655 1909 ilem
676 1844 729 1910 die
750 1844 933 1928 omlunpten
957 1845 1074 1928 espen
1095 1867 1136 1911 aa
1158 1845 1316 1928 besorpen.

254 2036 338 2102 Copie
355 2038 384 2086 in
403 2036 502 2087 eone*
520 2038 536 2088 f.
551 2035 601 2087 61‘.

254 2209 536 2276 Reverendissimo
566 2222 627 2277 etc.
662 2211 798 2277 Iohanni
832 2212 968 2277 ecclesie
1003 2211 1192 2279 Tridentine
1226 2214 1346 2300 presuli

150 2312 337 2400 dignissimo
367 2324 428 2381 etc.
473 2315 755 2382 Reverendissime
789 2319 822 2381 in
853 2315 979 2382 Christo
1013 2326 1115 2402 pater,
1152 2317 1280 2384 domine
1314 2328 1347 2384 et

149 2428 321 2505 preceptor
351 2421 617 2504 singularissime!
663 2421 860 2507 Accepimus
890 2422 1045 2507 preterita
1075 2431 1176 2487 estate
1204 2421 1346 2488 dulcissi-

149 2546 218 2589 mas
246 2534 354 2589 vestre
377 2548 402 2589 r.
419 2547 451 2610 p.
472 2525 632 2611 epistolas,
657 2548 701 2591 ex
724 2525 840 2612 quibus
863 2548 941 2591 sane
964 2525 1181 2591 intelleximus
1202 2538 1344 2592 vestram

146 2651 171 2692 r.
188 2651 220 2715 p.
246 2639 352 2693 nostre
375 2632 494 2694 veteris
518 2632 778 2695 conversacionis
802 2652 845 2694 ex
869 2631 1011 2716 quadam
1033 2632 1144 2696 innata
1167 2631 1346 2697 clemencia

147 2744 311 2798 recentem
345 2733 453 2799 adhue
489 2734 609 2799 habere
641 2738 837 2800 memoriam.
885 2736 1021 2821 Agimus
1052 2739 1138 2801 omni
1166 2736 1343 2803 humilitate

147 2840 290 2923 graciam
313 2847 438 2902 tanmm
462 2839 687 2924 dignacionem
704 2849 736 2903 et
750 2839 983 2905 humanitatem
998 2840 1091 2905 nobis
1108 2864 1128 2905 a
1142 2851 1252 2906 vestra
1267 2866 1293 2907 r.
1311 2866 1341 2928 p.

148 2966 218 3008 esse
247 2942 437 3026 exhibitam,
468 2946 521 3007 cui
543 2966 601 3008 nos
623 2946 696 3008 totis
719 2944 897 3030 precordiis
921 2947 1158 3031 paratissimum
1182 2946 1345 3011 offerimus

148 3046 340 3133 devotisque
374 3048 577 3112 oracionibus
611 3047 700 3135 apud
734 3050 832 3114 deum
861 3049 1089 3136 rependemus.
1134 3049 1273 3136 Insuper
1302 3051 1345 3115 ad

148 3154 268 3239 scripta
298 3162 408 3216 vestre
431 3176 456 3217 r.
473 3174 504 3237 p.
527 3162 704 3239 spontanee
728 3176 767 3217 ac
790 3153 929 3218 libenter
950 3156 1050 3218 vitam
1074 3163 1106 3218 et
1127 3154 1345 3240 gerendorum

148 3257 295 3322 ordinem
322 3256 410 3322 beati
433 3260 533 3343 patris
555 3261 655 3324 nostri
678 3258 845 3324 Altmanni
869 3259 1028 3324 conscribi
1051 3259 1185 3324 fecimus
1210 3282 1252 3325 ex
1274 3282 1345 3345 pas·

147 3359 345 3428 sionalibus²
374 3365 474 3428 nostri
505 3365 691 3429 monasterii
720 3366 802 3428 mira
832 3374 992 3429 vetustate
1023 3365 1219 3451 approbatis,
1255 3368 1344 3429 cuius

146 3466 277 3532 historie
310 3469 436 3552 copiam
469 3469 501 3531 in
530 3469 672 3554 presenti
703 3471 957 3534 transmittimus.
1004 3469 1159 3534 Preterea
1181 3468 1345 3534 historiam

144 3570 317 3637 Iornaudis
353 3570 407 3656 ,de
445 3573 566 3658 origine
604 3583 638 3637 et
675 3572 767 3637 bellis
806 3573 996 3639 Gothorum‘
1035 3575 1066 3638 in
1104 3573 1253 3638 manibus
1291 3574 1345 3638 ha·

145 3676 272 3760 bemus,
311 3676 399 3761 que²
436 3674 486 3761 (ut
523 3699 565 3741 ex
598 3677 743 3741 leccione
778 3676 923 3741 eiusdem
957 3675 1156 3763 accepimus)
1198 3699 1276 3742 sane
1314 3688 1347 3743 et

145 3783 272 3868 integre
307 3782 427 3867 scripta
462 3790 511 3845 est
544 3783 600 3863 sic,
639 3781 725 3869 quod
759 3784 817 3845 vix
851 3784 884 3847 in
918 3784 986 3846 istis
1020 3782 1166 3868 partibus
1201 3783 1242 3848 ob
1277 3785 1345 3848 eius

145 3887 311 3951 raritatem
345 3883 552 3950 emendacior
584 3888 741 3973 repperiri
770 3888 879 3972 possit.
927 3885 1036 3967 Quam
1067 3889 1093 3951 si
1123 3896 1232 3952 vestra
1262 3911 1287 3952 r.
1311 3911 1343 3974 p.

146 3999 400 4074 transsumptam
437 3988 559 4053 habere
598 3989 771 4074 desiderat,
810 3989 898 4077 apud
936 4000 1045 4055 vestre
1082 4013 1113 4076 p.
1153 4014 1345 4076 germanum

146 4094 288 4160 libenter
315 4116 518 4179 reponemus.
563 4093 738 4159 Iudeorum
761 4117 838 4159 vero
862 4092 973 4160 audax
995 4094 1121 4160 facinus
1145 4098 1177 4159 in
1202 4095 1345 4162 christia·

144 4357 229 4411 1856.
252 4356 263 4387 ¹
283 4358 388 4408 Dareus
414 4357 481 4408 lasst
507 4358 564 4406 sich
592 4358 641 4407 auf
666 4360 710 4408 ein
735 4366 869 4425 grbsseres
892 4361 929 4409 im
952 4359 1032 4410 Stifte
1057 4359 1243 4410 vorhandenes
1261 4360 1346 4410 Werlr

145 4449 211 4499 tiber
228 4446 275 4499 die
291 4445 525 4511 Stiftsgeschichte
543 4447 588 4496 ein
607 4446 716 4497 Schluss
733 4449 856 4509 machon,
880 4447 920 4496 als
939 4447 1034 4497 descen
1053 4445 1132 4497 Tbeil
1151 4446 1195 4498 die
1207 4447 1272 4497 Vita
1288 4447 1346 4497 Alt-

147 4536 238 4584 manni
256 4549 291 4584 ιιι
309 4534 467 4585 betrachten
484 4534 527 4583 ist.
556 4561 588 4571 -
612 4530 832 4599 ’Lichnowsky,
851 4533 948 4585 Gesch.
960 4534 1007 4585 des
1025 4534 1131 4585 Hauses
1150 4534 1294 4600 Habsburg
1313 4534 1345 4593 V,

145 4622 193 4670 212
213 4637 239 4672 u.
252 4622 305 4671 312
328 4620 406 4671 Anus.
422 4622 463 4671 10.
501 4620 553 4671 Die
571 4620 689 4671 Annales
709 4620 810 4671 Mellic.
830 4627 973 4672 versetren
997 4622 1071 4673 diese
1093 4619 1346 4686 Jndenverfolguug

148 4711 174 4758 n
191 4708 238 4761 eas
256 4708 325 4759 Jahr
345 4708 412 4757 1420
432 4706 480 4773 (Μ.
494 4709 526 4761 c.
540 4708 590 4759 ss
602 4708 651 4768 rx,
671 4706 742 4776 sm).
