3916 5292
1312 380 1376 445 389

183 596 247 640 non
278 574 405 639 omnino
433 572 578 657 liberam,
608 573 666 638 sed
690 595 762 638 eum
788 573 918 638 consilio
942 584 1119 640 conventus
1143 585 1175 639 et
1197 576 1239 641 ad
1263 587 1375 641 nutum

182 676 327 743 eiusdem
348 677 559 758 removibilis3

286 784 405 847 tercius
428 781 545 848 dieitur
568 781 808 848 administrator
830 785 898 847 sive
921 783 1087 850 coadiuter
1108 786 1293 871 temporalis
1316 807 1376 872 per·

182 896 353 973 patronum
385 886 478 951 datus
508 888 577 952 sive
607 888 770 953 institutus
800 889 896 953 etiam
927 887 1081 953 secularis
1113 891 1180 954 sive
1204 889 1375 976 spiritualis

181 1013 320 1078 persona
352 1001 445 1057 extra
475 1001 680 1076 conventum,
709 1013 773 1078 que
800 991 842 1056 ad
871 1002 998 1079 tempus
1021 995 1112 1057 iuxta
1134 992 1374 1080 beneplacitum

181 1095 359 1161 fundatoris
390 1095 543 1161 videlieet
572 1096 834 1163 reverendissimi
856 1096 1059 1162 Pataviensis
1082 1097 1176 1183 plene
1199 1099 1232 1163 in
1256 1109 1374 1184 tempo·

181 1201 303 1267 rabbus
333 1200 573 1266 administraret
595 1211 627 1265 et
649 1200 710 1266 illis
733 1211 878 1287 preesset
900 1201 1001 1266 fretus
1024 1201 1154 1267 consilio
1177 1201 1297 1268 domini
1319 1201 1374 1267 ab·

181 1305 266 1371 batis
290 1316 321 1370 et
344 1314 537 1387 conventum

285 1411 395 1504 quinto
419 1419 451 1475 et
472 1408 597 1475 ultimo:
621 1412 647 1475 si
670 1410 819 1475 dominus
842 1410 945 1476 abbas
968 1413 1094 1477 mixtim
1117 1413 1150 1476 in
1172 1411 1373 1495 administra·

181 1517 274 1580 eione
304 1537 363 1580 sua
385 1524 444 1600 per
467 1514 739 1581 deliberacionem
762 1515 997 1581 continuandus
1020 1519 1089 1601 erit,
1114 1515 1310 1582 deliberetur
1332 1516 1374 1581 de

180 1641 245 1686 uno
275 1621 344 1685 sive
374 1622 406 1685 in
438 1629 601 1686 conventu
624 1623 693 1687 sive
716 1630 810 1687 extra
831 1619 948 1686 elerico
971 1631 1027 1687 aut
1048 1620 1139 1705 laieo,
1163 1623 1217 1707 qui
1241 1620 1282 1686 de
1306 1623 1375 1689 eius

181 1725 312 1792 consilio
335 1725 525 1811 temporalia
548 1724 643 1812 plene
665 1725 874 1791 administret.

224 1988 328 2057 2225.
1024 1995 1106 2053 1500
1123 1995 1287 2053 November
1302 1991 1329 2052 7.

284 2179 500 2267 Wolff(gang)
535 2179 664 2266 Topler‚
698 2203 819 2267 purger
853 2204 895 2246 zu
928 2180 1074 2263 Melkeh,
1109 2181 1257 2247 Elisabet
1291 2205 1374 2248 uxor

179 2285 302 2351 babent
331 2284 597 2371 euffentpfangen
627 2307 710 2350 nuez
742 2285 809 2351 und
839 2285 941 2371 geber
970 2287 1025 2350 ain
1055 2284 1114 2351 hof
1132 2309 1172 2351 zu
1195 2286 1299 2351 Mam
1320 2310 1373 2373 ge·

178 2389 274 2477 legen
305 2390 371 2455 und
402 2392 442 2455 iat
471 2389 530 2454 des
559 2388 653 2455 Hans
684 2390 831 2456 Sehaffer
860 2389 1033 2477 gegentail‚
1065 2388 1172 2455 davan
1200 2414 1274 2456 man
1305 2390 1375 2457 dint

177 2518 241 2581 gan
267 2495 454 2581 Gottlweig)
485 2494 588 2560 inhalt
617 2493 676 2560 der
705 2493 807 2560 urbar
839 2494 951 2560 daselb
983 2493 1057 2562 und.
1079 2495 1162 2560 nach
1186 2496 1261 2561 lawt
1283 2498 1374 2563 ainer

178 2599 445 2685 versehreibung‚
469 2598 516 2664 als
540 2598 605 2664 dan
629 2599 687 2664 der·
710 2598 785 2664 halb
803 2599 870 2687 tayl
886 2597 1009 2664 erblieh
1026 2623 1090 2665 van
1106 2600 1221 2664 Hanns
1233 2599 1370 2686 Wayez-

178 2707 278 2791 patr,
309 2704 368 2769 der
394 2705 497 2770 ander
528 2707 585 2769 mit
613 2704 771 2791 ablosung
801 2728 843 2769 an
870 2704 923 2769 die
946 2715 1108 2791 penanten
1131 2728 1225 2792 away
1250 2705 1371 2771 kohan-

178 2809 247 2895 leyt
276 2807 437 2874 kebemen
467 2811 507 2873 ist
537 2832 578 2873 zu
600 2831 661 2895 yer
683 2808 797 2894 paider
818 2808 1015 2895 ehauffguet.
1062 2807 1181 2873 Actum
1205 2808 1372 2896 sambstag

178 2936 238 2978 vor
259 2910 390 2979 Martini
421 2915 502 2998 [in]·
529 2916 691 3001 presentia
715 2913 773 2979 des
796 2912 1020 2999 hoehwirding
1042 2912 1141 2978 herrn
1163 2913 1293 2979 Johann
1318 2914 1370 2979 die

178 3029 254 3106 zeyt
276 3018 356 3084 abbt
377 3041 452 3083 zum
474 3019 566 3084 Melle
589 3041 673 3084 anno
696 3018 788 3085 ΧΨ.

282 3195 362 3245 Notis
379 3195 408 3245 in
425 3194 488 3246 cod.
502 3195 528 3245 Η
547 3195 564 3244 s.
578 3192 645 3245 154'.

178 3419 268 3476 asae.
286 3433 299 3457 ι
317 3422 443 3489 nrgsna.
