3406 5300
1302 407 1366 473 329

219 623 318 692 2171.
951 627 1034 684 1498
1049 625 1162 684 ianuar
1173 625 1225 690 29,
1242 625 1323 681 Rom.

174 834 273 900 Prior
297 833 461 899 Johooneo
489 852 550 897 voa
576 830 729 915 Gouoap
758 834 900 896 mandet
921 829 987 894 Aur
1009 828 1156 894 Mutbioo
1179 827 1208 895 Ι.
1234 826 1366 893 Bericbt

175 938 251 1003 tiber
280 939 341 1003 den
363 936 458 1021 Gany
487 938 543 1002 dor
565 935 830 1019 Vcrhoodluapeo
859 954 903 999 aa
932 934 990 998 der
1011 932 1109 999 Ourie
1134 934 1170 997 ia
1192 933 1263 997 dem
1284 931 1366 997 Pro-

441 1061 521 1107 ocsae
542 1042 602 1106 mit
623 1041 693 1105 dom
715 1039 866 1121 Bischofe
887 1058 948 1103 ooo
970 1037 1106 1104 Posaou.

282 1252 365 1319 orig,
382 1252 461 1318 Pap,
479 1251 564 1319 Copia
582 1253 610 1302 in
622 1251 685 1302 Ood.
698 1251 750 1301 894
763 1249 850 1317 (rothe
864 1267 911 1312 nr,
930 1249 1078 1316 unfoliiert)
1090 1264 1139 1303 aus
1150 1248 1211 1301 dem
1226 1250 1265 1300 18.
1275 1248 1368 1301 Jshrh.

282 1444 476 1510 Reverende
499 1445 605 1531 pater!
629 1453 689 1510 etc.
735 1444 849 1509 Posset
871 1467 902 1509 v.
923 1467 949 1509 r.
970 1467 1001 1530 p.
1025 1445 1151 1510 causari
1174 1452 1206 1508 et
1227 1465 1292 1508 non
1313 1446 1370 1508 im·

177 1550 291 1615 merito
323 1549 365 1613 de
394 1558 484 1615 tanta
513 1571 612 1635 mora,
644 1570 741 1635 quam
770 1550 803 1613 in
833 1550 923 1614 curia
950 1548 1044 1631 facio,
1075 1570 1139 1635 que
1161 1557 1269 1613 tamen
1290 1547 1370 1613 mihi

178 1653 402 1719 molestissima
433 1662 491 1739 est,
526 1675 600 1719 eum
630 1662 665 1718 ut
694 1655 739 1718 ita
768 1652 876 1719 dicam
904 1655 1041 1737 interim,
1080 1651 1166 1739 quod
1193 1651 1370 1719 monachus

178 1758 234 1842 fui,
265 1780 431 1844 nunquam
457 1760 502 1823 ita
531 1759 629 1823 miser
658 1766 691 1823 et
716 1779 819 1843 pauer
840 1756 886 1822 tui
908 1758 1087 1844 presertim,
1110 1759 1186 1844 quia
1207 1759 1241 1822 in
1263 1779 1370 1822 mona·

178 1864 275 1928 sterio
302 1884 470 1928 recursum
493 1861 631 1927 habeam
653 1861 697 1927 ad
718 1864 934 1948 provisionem
956 1864 1061 1928 vietus
1084 1871 1116 1927 et
1137 1863 1283 1927 amictus.
1329 1862 1372 1926 Et

178 1967 255 2032 licet
283 1966 337 2032 hic
365 1969 396 2032 in
426 1969 514 2032 victu
537 1966 702 2033 defectum
724 1989 789 2033 non
811 1966 960 2051 habeam,
982 1976 1091 2032 tamen
1114 1970 1146 2032 in
1169 1968 1289 2032 amictu
1311 1967 1372 2031 scit

179 2080 289 2138 vestra
318 2074 504 2158 paternitas,
536 2070 695 2158 quomodo
723 2074 870 2158 provisus
898 2072 1014 2137 fuerim
1035 2074 1089 2154 ita,
1113 2080 1149 2136 ut
1170 2073 1235 2135 iam
1258 2069 1372 2135 erube·

180 2198 270 2242 scam
290 2178 394 2243 eciam
416 2199 574 2263 apparere
597 2199 706 2243 coram
728 2176 870 2242 honestis
892 2178 1048 2263 personis,
1072 2178 1147 2262 quia
1167 2184 1275 2241 vestes
1289 2174 1372 2241 laee-

179 2291 250 2349 rate
272 2289 357 2366 suut,
380 2280 599 2347 calceamenta
621 2283 687 2346 iam
709 2280 787 2346 bina
811 2282 881 2346 viee
896 2282 968 2347 misi
983 2283 1140 2347 resarcire
1156 2303 1200 2346 ex
1213 2289 1325 2346 mutuo
1340 2289 1372 2345 et

180 2388 207 2451 si
236 2385 309 2452 volo
331 2384 468 2469 tonderi,
492 2394 625 2471 oportet,
649 2395 684 2451 ut
705 2408 749 2451 ex
771 2395 881 2452 mutuo
904 2386 1033 2470 faciam,
1057 2407 1254 2472 quamquam
1275 2406 1372 2471 pecu·

181 2492 278 2576 niam,
300 2512 411 2577 quam
442 2499 553 2556 vestm
586 2514 617 2577 p.
648 2513 707 2577 per
736 2490 897 2559 banccum
926 2493 1021 2575 misit,
1055 2493 1096 2557 sit
1125 2514 1184 2578 pre
1214 2490 1372 2577 manibus,

182 2618 281 2683 quam
302 2617 364 2660 nec
386 2617 489 2682 usque
513 2594 608 2661 hodie
631 2596 698 2661 vidi
721 2619 782 2662 nee
804 2596 877 2661 volo
900 2595 1012 2661 videre
1034 2618 1096 2661 nec
1111 2596 1244 2681 habere,
1268 2596 1371 2662 donec

183 2724 222 2766 ea
251 2702 469 2765 necessarium
496 2700 647 2766 fueritin
670 2703 786 2785 causis,
809 2723 867 2787 pro
891 2700 1008 2787 quibus
1030 2701 1126 2766 misse
1149 2711 1232 2786 sunt,
1255 2724 1296 2767 ne
1320 2702 1372 2767 ali·

182 2806 254 2893 quis
277 2804 364 2870 dicat
386 2804 428 2870 de
450 2827 512 2891 me,
543 2804 630 2891 quod
654 2827 714 2891 ego
736 2805 790 2870 hic
812 2806 873 2871 sim
893 2804 1035 2871 liberalis
1059 2816 1092 2871 et
1112 2806 1318 2893 triumphem,
1341 2816 1374 2872 et

182 2919 304 2976 tantam
337 2911 531 2996 pacientiam
563 2908 664 2974 habui
694 2912 728 2975 in
756 2909 805 2974 his
835 2908 1019 2997 frigoribus,
1050 2913 1105 2995 qui
1134 2909 1196 2975 hoc
1225 2933 1311 2976 anno
1340 2913 1374 2976 in

183 3014 286 3080 Roma
315 3013 446 3079 hierunt
475 3024 508 3078 et
536 3012 644 3079 adhuc
672 3023 755 3099 sunt,
779 3035 916 3100 quorum
937 3013 1054 3097 nullus,
1078 3016 1134 3101 qui
1155 3037 1242 3080 nunc
1265 3037 1374 3101 super·

184 3130 242 3203 est,
264 3120 419 3203 meminit,
442 3118 529 3205 quod
552 3117 667 3184 erubui
690 3118 808 3184 dicere.
852 3118 939 3183 Nam
960 3120 994 3184 in
1017 3117 1069 3183 die
1091 3118 1183 3184 Pauli
1205 3122 1299 3205 primi
1322 3120 1375 3186 he·

183 3226 316 3290 remitae
355 3233 387 3288 et
419 3222 629 3310 sequentibus
662 3221 777 3288 diebus
810 3224 903 3288 nives
937 3224 1065 3309 copiose
1099 3222 1287 3289 ceciderunt
1318 3226 1372 3310 ita,

184 3327 270 3415 quod
299 3326 372 3393 Itali
402 3349 445 3392 ex
475 3327 607 3412 eisdem,
640 3326 757 3414 quibus
787 3349 881 3393 rarae
912 3338 995 3413 sunt,
1030 3337 1263 3414 congesserunt
1283 3330 1375 3395 varia

183 3453 307 3519 genera
335 3429 521 3498 animalium
549 3440 659 3518 utpote
688 3429 799 3497 leones
829 3453 929 3518 equos
954 3430 1088 3497 thauros
1115 3454 1190 3498 cum
1212 3432 1374 3499 deauratis

184 3534 346 3620 cornibus,
370 3545 402 3602 et
425 3545 570 3602 secutum
593 3546 642 3602 est
663 3544 788 3602 tautum
806 3535 892 3622 gelu,
915 3536 1002 3623 quod
1018 3538 1122 3603 eciam
1137 3546 1375 3604 sacramentum

184 3641 293 3707 calicis
315 3642 349 3705 in
371 3642 470 3733 missa
492 3640 694 3727 congelatum
715 3640 785 3719 fuit,
808 3640 896 3727 quod
918 3643 951 3706 in
966 3641 1070 3707 Roma
1089 3644 1182 3729 quasi
1195 3642 1375 3709 inauditum

184 3755 243 3811 est.
288 3744 425 3810 Paratus
454 3753 563 3810 tamen
594 3767 666 3810 sum
695 3744 803 3810 adhuc
832 3747 954 3811 maiora
984 3768 1043 3832 pro
1069 3745 1190 3812 honore
1212 3758 1320 3813 vestre
1342 3771 1373 3834 p.

184 3849 340 3936 perferre,
375 3871 438 3936 que
472 3850 594 3915 utinam
624 3851 668 3914 ita
697 3859 789 3935 grata
820 3860 928 3915 essent
957 3853 1003 3915 uti
1033 3850 1221 3918 voluntaria.
1267 3851 1376 3919 Causa

184 3964 293 4021 autem
315 3962 403 4019 tante
425 3975 514 4019 more
535 3955 607 4038 ista,
630 3955 705 4040 quia
729 3961 852 4019 certum
871 3953 980 4039 habui,
1004 3954 1090 4040 quod
1105 3954 1208 4021 abbas
1223 3954 1375 4023 Senensis

185 4059 299 4126 habuit
327 4057 408 4123 illud
437 4056 539 4123 breve
562 4068 619 4124 aut
640 4061 708 4145 ipse
731 4068 788 4124 aut
809 4060 857 4124 sui
881 4057 1069 4145 expeditum
1091 4059 1212 4147 habuit,
1236 4063 1288 4127 cui
1310 4084 1374 4128 non

185 4186 268 4231 unas
298 4161 357 4229 sed
383 4185 527 4229 novenas
548 4164 658 4230 literas
681 4166 835 4250 magister
857 4165 1020 4251 Rupertus
1042 4175 1074 4232 et
1096 4189 1156 4252 ego
1178 4168 1333 4252 misimus,
1356 4190 1376 4231 a

186 4291 249 4356 quo
272 4278 380 4335 tamen
402 4268 571 4354 hueusque
595 4277 719 4334 certum
740 4291 931 4356 responsum
953 4292 1017 4336 non
1032 4270 1212 4338 habuimus.
1240 4269 1377 4359 Scripsit

187 4373 319 4461 quidem
341 4394 469 4459 semper
490 4373 678 4459 propediem
701 4395 736 4439 se
759 4384 932 4441 venturum
953 4374 997 4441 ad
1019 4375 1165 4461 Romam,
1188 4376 1246 4442 sed
1260 4376 1376 4443 hucus-

187 4500 249 4566 que
264 4501 329 4543 non
345 4480 532 4566 comparuit.
556 4478 699 4544 Demum
714 4477 861 4546 dominus
876 4480 1087 4563 reverendus,
1111 4480 1258 4547 dominus
1272 4481 1375 4547 abbas

187 4582 490 4670 Luczelburgensis,
513 4594 685 4670 preceptor
708 4593 740 4649 et
762 4586 906 4671 superior
928 4584 1049 4651 ordinis
1072 4588 1172 4652 nostri
1186 4589 1375 4652 auctoritate

187 4686 361 4775 apostoliea
390 4710 449 4773 per
478 4696 578 4753 totam
608 4687 853 4775 Allemanniam,
884 4692 1037 4774 magister
1058 4690 1222 4776 Rupertus
1254 4700 1286 4756 et
1315 4712 1375 4775 ego
