3406 5300
1313 384 1377 450 343

181 566 286 633 dictus
310 567 414 634 abbas
437 580 531 654 esset,
555 571 667 637 videre
691 571 802 638 volens
823 593 897 637 cum
912 571 1071 639 nonnullis
1087 573 1297 641 familiaribus
1312 578 1377 641 suis

179 683 306 738 armata
328 695 425 739 manu
448 674 492 740 ad
515 675 638 742 dictum
661 677 891 743 monasterium
907 699 941 743 se
966 678 1145 744 contulerat
1168 689 1201 745 et
1222 682 1376 766 strepito·
1485 720 1488 725 >

178 776 258 843 inibi
287 776 373 845 facto
403 800 442 844 ac
473 780 558 847 dicto
588 781 707 847 abbate
739 783 807 849 viso
838 784 1026 868 capitaneus
1054 786 1177 849 eteius
1201 784 1376 850 familiares

181 881 320 968 predicti
348 885 491 950 iurantes
522 908 556 951 se
586 888 620 951 in
650 886 767 951 nullius
796 885 950 952 lesionem
977 888 1138 974 aspirasse
1161 911 1181 954 a
1204 888 1291 954 dicto
1314 891 1378 975 epi·

183 1008 281 1074 scopo
308 1010 366 1074 pro
389 992 551 1075 premissis
574 993 704 1057 veniam
727 992 886 1077 petierant
908 993 1042 1077 ipseque
1064 994 1234 1080 episcopus
1257 1016 1312 1060 eos
1333 992 1377 1060 ab

183 1095 530 1161 excommunicacionis
561 1098 735 1179 sentencia,
767 1099 795 1161 si
825 1118 921 1182 quam
952 1099 1182 1182 premissorum
1210 1100 1377 1164 occasione

181 1197 398 1283 incurrerant,
428 1221 486 1286 per
517 1223 592 1266 suas
622 1200 744 1267 litteras
774 1200 938 1267 ordinaria
968 1204 1158 1268 auctoritate
1181 1202 1376 1269 absolverat

182 1300 386 1369 Venerabilis
405 1304 506 1371 frater
528 1316 636 1371 noster
650 1304 862 1372 Bernhardus
878 1308 1047 1392 episcopus
1064 1305 1272 1391 Libariensis,
1297 1308 1377 1373 eius

181 1404 256 1471 dem
288 1406 464 1476 Cristofferi
495 1412 637 1498 episcopi
667 1414 699 1475 in
730 1409 947 1496 spiritualibus
977 1412 1119 1476 vicarius
1153 1412 1377 1498 suffraganeus

182 1522 398 1599 nuncupatus,
432 1537 581 1582 asserens
615 1538 649 1580 se
684 1514 728 1580 ad
760 1514 794 1580 id
827 1515 870 1580 ad
903 1517 973 1601 ipso
1007 1514 1192 1581 Oristoffero
1228 1518 1377 1603 episcopo

181 1615 357 1701 specialem
386 1618 507 1685 habere
538 1629 730 1707 potestatem
759 1618 842 1685 illius
870 1623 982 1706 vigore
1012 1620 1133 1686 dictum
1163 1620 1316 1687 abbatem
1346 1631 1379 1686 et

183 1741 296 1787 coram
319 1745 356 1789 eo
379 1724 412 1788 in
440 1735 527 1790 certo
558 1725 653 1813 opido
683 1724 726 1790 ad
757 1723 934 1789 videndum
963 1726 1128 1791 terminari
1157 1727 1379 1791 visitacionem

182 1848 242 1912 per
264 1826 404 1893 eundem
427 1828 650 1897 Cristofferum
673 1831 869 1916 episcopum,
894 1837 929 1894 ut
950 1828 1121 1916 prefertur,
1145 1839 1273 1915 ceptam
1294 1830 1378 1895 infra

183 1942 308 1999 certum
338 1942 416 1999 tunc
446 1957 637 2021 expressum
668 1937 840 2000 terminum
863 1945 1075 2020 compareret,
1098 1937 1260 2020 presentia
1282 1937 1377 2000 caris·

181 2039 254 2103 simi
282 2041 315 2103 in
345 2038 472 2106 Christo
502 2040 559 2106 filii
589 2042 690 2106 nostri
711 2038 925 2105 Maximiliani
946 2038 1166 2105 Romanorum
1195 2041 1281 2124 regis
1310 2038 1376 2105 illu·

180 2145 266 2227 stris,
304 2165 367 2230 que
401 2146 492 2210 iuxta
527 2145 735 2213 concordiam
764 2147 848 2210 inter
878 2143 1099 2210 (iristofferum
1129 2146 1316 2232 episcopum
1346 2153 1378 2210 et

182 2246 338 2314 abbatem
371 2248 535 2335 predictos
569 2272 668 2337 super
703 2250 763 2314 hoc
792 2251 870 2316 inita
902 2249 1108 2335 expectanda
1137 2260 1216 2333 erat,
1247 2251 1377 2315 minime

180 2363 356 2439 expectata
390 2357 481 2421 citari
515 2354 592 2420 fecit
625 2366 658 2420 et
691 2354 810 2420 deinde
840 2354 954 2420 eodem
984 2353 1115 2439 abbate,
1146 2356 1199 2420 cui
1227 2356 1261 2419 in
1291 2353 1377 2420 dicto

183 2456 279 2542 opido
308 2457 399 2524 locus
428 2469 517 2526 tutus
547 2482 611 2526 non
643 2470 721 2544 erat,
744 2459 829 2525 infra
852 2458 992 2525 eundern
1013 2461 1184 2525 terminum
1207 2481 1316 2525 coram
1339 2482 1377 2524 eo

183 2584 248 2627 non
279 2574 485 2649 comparente
516 2568 549 2630 in
578 2567 713 2651 negocio
743 2563 926 2631 huiusmodi
957 2586 1129 2650 perperam
1159 2573 1191 2629 et
1220 2563 1262 2628 de
1291 2563 1377 2629 facto

184 2666 363 2752 procedens
393 2671 471 2735 iuris
502 2670 615 2736 ordine
645 2671 776 2736 minime
806 2680 935 2736 servam
966 2669 1208 2752 [sententiam]b
1239 2668 1377 2734 diffiniti-

185 2794 260 2837 vam
282 2782 318 2837 ut
332 2773 512 2861 dicebatur,
535 2798 594 2862 per
609 2798 707 2861 quam
722 2777 828 2861 ipsum
843 2774 996 2840 abbatem
1012 2774 1134 2840 dictum
1149 2776 1377 2839 monasterium

184 2878 218 2941 in
243 2879 462 2964 spiritualibus
485 2890 518 2946 et
539 2880 768 2966 temporalibus
791 2879 875 2945 male
897 2879 1098 2966 gubernasse
1120 2879 1267 2965 illiusque
1291 2879 1377 2944 bona

185 2979 380 3068 dilapidasse
411 2995 442 3050 et
469 2985 532 3051 alia
554 2988 655 3067 varia,
679 3007 833 3051 excessus
857 2994 890 3051 et
912 2986 1046 3049 crimina
1067 2993 1271 3070 perpetrasse
1294 2986 1377 3049 inter

183 3084 248 3151 alia
281 3085 462 3155 declaravit
495 3112 634 3177 eumque
667 3091 824 3176 regimine
859 3100 890 3154 et
923 3088 1198 3154 administratione
1232 3087 1377 3154 eiusdem

184 3195 367 3258 monasterii
397 3195 519 3280 privari
541 3204 575 3261 et
597 3194 783 3261 carceribus
807 3192 1062 3280 mancipandum
1086 3215 1156 3259 esse
1179 3192 1325 3258 decrevit
1347 3202 1379 3257 et

183 3304 219 3363 ut
248 3318 269 3361 a
297 3299 453 3384 regimine
484 3307 516 3364 et
546 3299 830 3369 administracione
861 3301 1045 3365 monasterii
1078 3296 1261 3363 huiusmodi
1294 3298 1377 3363 infra

183 3399 327 3467 triduum
349 3413 501 3488 cessaret,
525 3404 586 3470 sub
610 3405 958 3471 excommunicacionis
981 3405 1146 3468 sentencie
1161 3424 1256 3489 pena,
1279 3424 1378 3488 quam

183 3514 295 3572 contra
323 3506 475 3573 faciendo
505 3531 543 3575 eo
573 3511 642 3596 ipso
671 3512 864 3593 incurreret,
893 3512 978 3574 inter
1007 3508 1070 3575 alia
1091 3510 1215 3574 monuit
1237 3516 1270 3571 ct
1291 3529 1378 3572 man·

183 3609 275 3677 davit
307 3611 413 3678 eidem
445 3622 478 3679 et
512 3613 645 3680 dilectos
676 3614 757 3681 filios
787 3617 930 3681 virorum
961 3624 993 3679 et
1023 3612 1157 3678 dilectas
1187 3614 1220 3677 in
1251 3610 1378 3677 Christo

183 3713 266 3781 filias
296 3717 481 3783 monialium
505 3730 683 3785 conventus
707 3719 853 3786 eiusdem
876 3719 1070 3802 monasterii,
1094 3718 1127 3782 in
1150 3738 1213 3802 quo
1236 3718 1377 3782 virorum

183 3829 215 3885 et
245 3821 430 3888 monialium
453 3822 635 3889 huiusmodi
659 3822 779 3890 diversi
803 3834 981 3890 conventus
1004 3822 1073 3888 fore
1096 3831 1282 3905 noscuntur,
1305 3842 1379 3886 nec·

183 3945 248 3991 non
278 3924 424 3993 subditos
455 3938 488 3993 et
518 3928 657 3994 vasallos
681 3931 782 4016 ipsius
805 3930 989 3995 monasterii
1012 3944 1032 3992 a
1055 3926 1131 3992 dicti
1154 3925 1282 3992 abbatis
1304 3925 1379 3991 obe·

181 4027 311 4095 diencia
332 4030 479 4116 absolvit,
503 4036 702 4100 sentenciam
725 4034 943 4121 promulgavit
965 4034 1108 4118 iniquam
1131 4041 1164 4097 et
1186 4029 1304 4095 deinde
1320 4051 1377 4116 pro

182 4143 275 4220 parte
298 4134 375 4202 dicti
397 4135 526 4203 abbatis
547 4138 640 4205 nobis
660 4139 722 4205 fuit
737 4138 899 4205 humiliter
914 4137 1117 4224 suplicatum,
1140 4146 1176 4201 ut
1191 4157 1265 4200 eum
1281 4146 1313 4201 et
1328 4157 1378 4200 ca·

181 4241 346 4327 pitaneum
367 4264 406 4307 ac
430 4241 575 4308 eiusdem
597 4246 757 4329 capitanei
780 4243 954 4339 familiares
975 4240 1149 4329 predictos,
1173 4262 1253 4327 quos
1273 4238 1378 4305 dictus

181 4344 394 4413 Bernhardus
430 4350 599 4434 episcopus
638 4351 934 4416 excommunicatos
973 4346 1089 4412 dicitur
1125 4347 1307 4428 nunciasse,
1348 4354 1379 4409 et

181 4471 293 4517 eorum
324 4451 464 4538 singulos
494 4452 536 4517 ab
567 4455 916 4520 excommunicacionis
947 4449 1129 4518 huiusmodi
1157 4460 1190 4517 et
1212 4449 1378 4536 quibusvis

182 4676 266 4732 alat.
288 4688 301 4713 ⁸
319 4680 382 4730 Cod.
404 4709 434 4717 -
454 4682 467 4715 ὓ
486 4681 560 4732 Nach
579 4681 639 4732 dem
658 4682 741 4733 Sinne
760 4687 877 4749 argtum,
