3406 5300
1348 432 1412 497 363

110 668 116 677 -
219 625 356 709 reperio,
379 623 465 710 qnod
488 623 662 689 monachos
684 624 769 689 bene
791 625 950 689 institutos
965 623 1009 688 ad
1023 634 1167 689 vestrum
1183 626 1412 689 monasterium

219 727 462 793 reformandum
491 728 669 815 postulatis,
699 731 843 793 animum
871 731 1031 814 resumpsi
1062 739 1094 793 et
1123 728 1347 793 sibancan'us
1370 728 1412 793 de

219 831 352 897 Foclrer
380 832 497 898 habitis
525 832 732 899 facultatibus
763 832 945 898 huiusmodi
976 832 1174 918 respondere
1208 832 1347 897 voluerit
1377 841 1414 898 ut

221 938 384 1022 promittit,
415 935 589 1023 expediam
619 947 652 1004 et
679 939 803 1003 mittam
825 946 857 1002 et
879 939 906 1002 si
928 936 1054 1022 litigare
1075 940 1108 1002 in
1130 946 1201 1001 rota
1224 948 1257 1002 et
1277 959 1336 1002 vos
1359 936 1413 1001 de·

219 1041 354 1107 tendere
369 1041 535 1128 placuerit,
553 1044 580 1107 si
595 1042 783 1108 mandatum
799 1043 948 1107 miseritis
964 1063 1037 1107 cum
1053 1044 1272 1126 instructione,
1290 1043 1414 1106 etiamsi

220 1144 383 1234 Specghel
410 1147 558 1231 noluerit,
583 1168 642 1233 ego
666 1146 858 1212 substituam
881 1156 914 1211 et
935 1168 993 1211 vos
1016 1145 1192 1211 defendam
1215 1156 1328 1211 contra
1350 1147 1414 1231 epi·

223 1272 358 1337 scopum
381 1261 417 1316 et
437 1273 658 1339 quoscumque
681 1252 830 1337 confisus,
854 1251 940 1338 quod
963 1250 1036 1316 talis
1057 1274 1100 1316 ex
1122 1273 1209 1316 nnnc
1232 1253 1293 1316 erit
1307 1259 1415 1316 vestra

220 1358 431 1441 conversatio,
455 1367 490 1422 ut
504 1357 625 1422 nullam
639 1356 870 1423 verecundiam
886 1355 1005 1421 exinde
1021 1366 1187 1442 reportare
1202 1355 1350 1423 debeam.
1373 1355 1412 1419 In

222 1459 352 1526 domino
375 1462 451 1527 Iesu
472 1461 608 1528 feliciter
629 1461 751 1527 valetel
785 1462 839 1526 Ex
862 1461 953 1527 Urbe
976 1461 1088 1526 ultima
1110 1462 1188 1525 iunii
1209 1483 1294 1526 anno
1320 1458 1413 1524 1499.

326 1565 519 1631 Wilhelmus
534 1565 637 1632 abbas
652 1566 947 1651 Lucenburgensis,
964 1565 1123 1652 generalis
1138 1566 1282 1631 visitator
1297 1575 1331 1629 ct
1344 1586 1414 1650 pra·

223 1679 353 1735 curator
376 1680 437 1736 etc.

267 1896 371 1967 2206.
1072 1904 1154 1963 1499
1170 1905 1232 1963 tall
1246 1905 1274 1974 1,
1290 1907 1371 1964 Ram.

223 2072 349 2154 Rapert
378 2072 496 2156 Spirat,
526 2072 584 2138 der
610 2072 799 2156 &attactae
820 2075 926 2157 Apcat
954 2095 1000 2140 aa
1030 2075 1086 2139 der
1113 2072 1414 2152 remorandae,

224 2177 286 2261 leat
306 2178 372 2244 Abt
393 2177 541 2244 Matha'as
563 2177 592 2243 Ι.
615 2199 676 2244 voa
698 2179 852 2263 Gottwciy
874 2185 968 2245 anter
989 2180 1139 2245 auderem
1159 2180 1334 2262 Rechauay
1355 2200 1416 2245 voa

339 2284 446 2348 aciaco
466 2283 638 2366 Aasyabca
659 2284 695 2347 ia
717 2284 779 2349 dea
800 2284 1083 2368 Aayelcpcahca'tea
1105 2285 1159 2351 des
1181 2285 1303 2367 Sta‘ftcs.

329 2477 411 2543 Orig„
434 2478 500 2544 Pap.
536 2477 673 2528 Petachaft
694 2493 749 2529 war
771 2480 799 2528 in
821 2478 924 2529 rothem
942 2479 1057 2529 Wachae
1075 2495 1136 2530 rum
1148 2478 1322 2531 Verschlusse
1340 2485 1419 2530 nnter

224 2564 408 2631 Papierdeclre
426 2564 615 2631 antgedrttclrt3
635 2565 718 2632 Cepis
735 2567 765 2615 in
783 2565 846 2616 θοὰ.
862 2567 913 2616 894
931 2565 1018 2632 (rothe
1036 2584 1084 2628 nr,
1103 2566 1261 2634 nnfoliiert).

329 2685 456 2739 Adreese:
493 2687 639 2738 Βενονοπᾶο
657 2694 700 2739 etc.
719 2688 819 2739 Mathia
840 2689 927 2740 meaa
948 2692 1095 2741 monasteria·
1117 2689 1186 2741 beate
1202 2691 1310 2756 cirpiar'e
1327 2692 1420 2740 moratis

230 2773 394 2836 Gamerae,
411 2773 512 2825 ordiaris
529 2778 611 2826 randi
628 2775 768 2837 Benedicti,
787 2775 950 2827 Pataoieara'c
968 2775 1074 2827 crocata
1090 2783 1134 2828 etc.

331 2947 524 3013 Reverende
557 2957 659 3034 pater,
694 2948 823 3013 domine
853 2948 1091 3014 colendissimo!
1122 2958 1183 3015 etc.
1228 2949 1308 3014 Heri
1338 2971 1420 3015 cena

226 3061 360 3140 peracta
392 3055 589 3140 presentium
623 3052 784 3118 exhibitor
816 3053 964 3118 dominus
997 3053 1135 3119 Iacobus
1167 3053 1278 3118 literas
1310 3064 1419 3119 vestre

227 3180 252 3223 r.
276 3180 308 3245 p.
339 3157 418 3223 mihi
446 3157 680 3244 presentandus
711 3157 771 3222 sibi
795 3160 980 3223 commissas
1001 3161 1091 3244 prius
1113 3158 1213 3223 lectas
1237 3168 1270 3225 et
1290 3168 1420 3245 apertas

226 3264 435 3348 presentavit.
482 3261 542 3328 Oui
571 3264 710 3348 primum
741 3284 796 3327 eas
824 3264 1071 3350 consignaverit,
1094 3272 1127 3328 et
1149 3265 1216 3328 eius
1239 3265 1271 3327 in
1294 3263 1419 3329 Urbem

227 3367 415 3450 adrentum,
438 3368 508 3454 ipse
530 3370 715 3454 paternitati
737 3390 768 3431 v.
791 3390 815 3433 r.
840 3366 1027 3432 declarabit.
1073 3368 1248 3454 Postquam
1269 3366 1419 3453 legissem

227 3471 335 3537 literas
365 3482 580 3536 memorantes
609 3472 760 3537 nonnulla
789 3482 909 3559 puncta
936 3474 969 3537 in
999 3471 1139 3558 quodam
1168 3470 1346 3536 memoriali
1377 3472 1419 3536 ad

229 3575 471 3663 expediendum
493 3586 654 3660 annotata,
678 3578 873 3661 interrogari
896 3599 954 3664 pro
975 3576 1088 3641 eodem
1103 3577 1288 3642 memoriali,
1313 3575 1420 3661 Quod,

229 3704 304 3747 cnm
334 3704 397 3747 non
427 3681 572 3766 baberet,
602 3684 673 3746 misi
704 3705 778 3747 eum
804 3704 862 3768 pro
885 3682 1009 3766 eodem,
1033 3681 1120 3769 quod
1142 3703 1270 3769 qnoque
1293 3704 1420 3768 presen-

227 3789 317 3852 tavit.
363 3786 500 3852 Veneris
522 3786 682 3852 XXVIII.
706 3785 800 3851 huius
828 3786 974 3852 dominus
997 3785 1100 3851 abbas
1123 3786 1421 3872 Lutaenburgensis

230 3913 290 3978 per
318 3912 410 3956 suum
434 3892 624 3956 familiarem
647 3914 699 3956 me
721 3899 869 3977 rogatum
891 3889 1013 3975 habuit,
1036 3900 1072 3955 ut
1094 3892 1199 3977 ipsum
1221 3893 1352 3956 visitare
1376 3890 1420 3955 di·

228 4018 357 4081 gnarer,
381 3996 467 4083 quod
488 3996 579 4060 finita
602 3994 772 4060 audiencia
795 3994 837 4060 ad
860 3997 967 4060 statim
988 3994 1165 4081 implerem,
1203 3995 1295 4061 Idem
1318 3994 1421 4060 abbas

231 4101 378 4166 exhibuit
407 4100 564 4187 quaedam
593 4110 702 4165 vestre
723 4122 750 4164 r.
774 4122 805 4185 p.
829 4099 959 4183 litterae,
984 4099 1100 4186 quibus
1124 4099 1347 4165 continebatur
1368 4122 1421 4165 me

231 4228 274 4270 cx
301 4205 430 4270 bancho
453 4205 683 4290 Fugkarorum
714 4213 746 4269 et
775 4203 899 4291 absque
929 4207 1130 4291 paternitatis
1159 4228 1190 4270 v.
1213 4228 1238 4269 r.
1267 4203 1420 4269 mandato

229 4312 414 4396 percepisse
436 4309 592 4375 ducentos
616 4318 648 4374 et
669 4309 733 4374 XL
750 4308 894 4394 ducatos,
918 4308 959 4373 de
983 4307 1100 4394 quibus
1122 4308 1243 4374 nullam
1265 4308 1422 4373 hactenus

230 4414 446 4480 reddidissem
468 4417 641 4499 racionem,
666 4413 778 4480 dantes
793 4417 891 4480 tacite
906 4414 1082 4500 intelligere
1098 4414 1201 4479 dictas
1221 4415 1375 4500 pecunias
1390 4414 1424 4477 in

232 4518 330 4584 alium
360 4541 458 4606 qnam
486 4520 688 4605 paternitatis
718 4542 749 4583 v.
773 4541 798 4583 r.
823 4528 856 4584 et
886 4520 1070 4583 monasterii
1096 4540 1190 4584 usum
1214 4519 1422 4600 convertisse,

233 4622 274 4687 de
308 4645 370 4710 quo
401 4645 465 4690 non
495 4645 610 4711 parum
640 4623 800 4707 dolebam,
831 4645 905 4688 cum
935 4621 977 4687 de
1006 4625 1151 4709 pecuniis
1179 4622 1222 4688 ad
1245 4644 1296 4686 me
1318 4623 1422 4685 missis

233 4736 314 4792 teste
337 4727 521 4793 decanum
550 4730 584 4792 in
606 4748 714 4792 meum
737 4726 941 4791 commodum
965 4726 1096 4792 obulum
1118 4749 1181 4791 non
1196 4725 1421 4791 ordinaverim.
