3364 5300
1270 436 1330 502 197

139 646 235 710 quam
273 623 447 690 christiane
481 623 687 710 professionis
723 625 884 692 hominem
914 630 1059 713 paruisse
1092 627 1260 713 mandatis,
1292 628 1333 694 ob

138 751 236 816 quam
259 728 391 815 quidem
414 751 546 794 causam
569 751 664 795 nemo
688 754 708 796 a
730 731 916 796 Patavicnsi
940 731 1087 817 ecclesia,
1111 756 1174 820 que
1197 744 1246 798 est
1267 733 1334 798 filia

137 843 169 897 et
198 833 380 899 membrum
410 844 615 899 sacrosancte
638 835 783 900 Romane
807 834 953 917 ecclesie,
978 836 1132 902 recodere
1156 859 1214 903 seu
1237 839 1267 902 ei
1288 840 1332 903 in·

136 940 235 1002 iunias
257 939 377 1003 inferre
400 937 538 1004 videtur.
569 938 665 1004 Anno
690 942 786 1004 etiam
808 943 961 1027 preterito
986 940 1122 1007 ecclesie
1139 941 1333 1028 parrochiali

136 1044 169 1107 in
192 1042 345 1109 Mautarn
375 1053 484 1109 nostro
515 1045 709 1109 monasterio
740 1044 834 1130 pleno
857 1047 926 1110 iure
949 1047 1153 1133 incorporate
1176 1046 1237 1111 sub
1261 1049 1332 1111 rati-

137 1146 307 1212 habicione
338 1148 435 1212 etiam
466 1147 585 1212 domini
616 1147 732 1213 decani
755 1148 1011 1234 competentibus
1034 1152 1234 1237 providimus
1257 1152 1333 1216 vino

136 1253 321 1316 necessario
353 1262 386 1317 et
415 1254 585 1338 presertim
615 1255 701 1337 vino,
725 1252 766 1317 de
790 1276 852 1339 quo
876 1256 939 1318 iam
962 1257 1118 1341 precipua
1140 1255 1176 1319 fit
1198 1257 1331 1341 questio.

137 1356 297 1422 Dominus
326 1366 435 1423 tamen
466 1357 605 1424 Georius
635 1358 779 1443 prefatus
808 1359 839 1422 in
864 1357 933 1423 dies
956 1359 1117 1445 postulare
1140 1382 1205 1425 non
1228 1371 1333 1425 cessat

138 1463 188 1526 cui
211 1483 425 1548 sepenumero
447 1463 479 1526 in
503 1460 588 1526 hanc
612 1464 811 1527 sentenciam
833 1462 1022 1550 responderi
1044 1464 1180 1529 fecimus
1200 1486 1259 1529 nos
1274 1486 1332 1551 pro

137 1568 330 1630 necessitate
359 1575 467 1631 nostre
498 1565 635 1631 ecclesie
665 1568 698 1631 in
720 1566 881 1651 Mautarn,
910 1570 936 1631 si
965 1579 1073 1633 cetera
1101 1578 1210 1633 essent
1230 1570 1332 1654 paria,

137 1669 258 1735 nedum
284 1693 385 1735 unum
415 1693 473 1736 vas
503 1670 561 1735 sed
590 1672 692 1736 eciam
720 1670 772 1735 vel
797 1671 860 1736 duo
883 1671 1001 1737 modici
1024 1672 1178 1759 pendere,
1202 1675 1332 1738 minime

138 1774 312 1840 hesitantes
334 1785 475 1841 uestram
501 1799 530 1862 p.
556 1775 641 1841 bono
663 1798 703 1841 ac
726 1778 926 1841 incremento
948 1780 1048 1842 nostri
1064 1780 1249 1844 monasterii
1264 1777 1331 1864 plu·

138 1882 254 1945 rimum
277 1880 387 1945 favere
410 1903 469 1967 pro
493 1889 666 1967 vestraque
690 1883 787 1945 animi
811 1880 968 1946 industria
992 1892 1023 1946 ct
1039 1883 1333 1969 circumspeccione

138 1984 317 2070 intelligere
347 1985 623 2051 contribucionem
653 1985 805 2072 aliquam,
837 1988 920 2052 sicut
947 1985 1095 2052 domiuus
1119 1986 1256 2053 Georius
1279 2009 1332 2074 po-

140 2089 244 2176 stulat,
268 2112 386 2175 magne
409 2089 626 2176 indignacioni
650 2099 762 2156 contra
786 2113 843 2155 nos
859 2100 937 2177 aput
953 2114 1118 2157 cesaream
1134 2093 1334 2158 maiestatem

139 2194 244 2259 locum
274 2194 414 2281 prebere
445 2217 484 2261 ac
516 2194 635 2260 exinde
663 2194 756 2260 nobis
784 2217 847 2260 non
871 2195 966 2260 modo
990 2198 1022 2260 in
1046 2195 1145 2261 rebus
1168 2199 1333 2280 extremis,

140 2320 252 2362 verum
275 2301 372 2364 etiam
394 2302 426 2364 in
450 2300 653 2365 consciencia
675 2299 854 2386 periculum
870 2323 1064 2386 ermergere.
1095 2301 1169 2366 Heo
1183 2323 1242 2366 uos
1257 2311 1334 2366 tam·

141 2424 237 2488 quam
259 2403 501 2468 iurisconsultus
524 2426 582 2490 pro
604 2407 734 2469 racione
757 2404 918 2470 interdicti
940 2406 973 2468 in
997 2404 1138 2470 eundem
1152 2404 1260 2471 locum
1275 2427 1335 2492 per

139 2529 163 2571 r.
185 2506 216 2571 d.
243 2506 440 2573 cardinalem
473 2508 527 2573 lati
558 2508 671 2574 molius
703 2519 735 2573 et
764 2507 916 2595 liquidius
946 2511 1150 2595 interpretari
1179 2511 1332 2597 poteritis.

139 2611 257 2677 Mirum
290 2612 428 2699 denique
455 2615 488 2677 in
518 2611 650 2678 modurn
677 2616 824 2700 cupimus
847 2615 929 2679 scire
954 2636 1086 2679 causam
1108 2613 1202 2679 huius
1225 2622 1333 2679 vestre

140 2718 340 2802 suspicionis,
379 2739 442 2803 qua
479 2716 668 2802 pretenditis
705 2718 881 2784 monachos
915 2730 1040 2784 nostros
1075 2719 1333 2783 destruccionem

140 2823 249 2906 pocius
288 2843 384 2908 quam
419 2821 660 2887 edificacionem
693 2825 876 2888 monasterii
910 2846 1048 2910 querere
1082 2845 1188 2910 neque
1223 2845 1334 2888 eorum

140 2927 287 3010 ignorare
308 2928 463 3011 regimen,
488 2950 562 2992 cum
586 2929 648 2992 sint
670 2926 712 2992 ab
734 2926 797 2991 hoc
820 2927 940 2992 mundo
964 2930 1165 3015 sequestrati,
1187 2929 1220 2992 in
1246 2926 1334 2992 cellis

140 3028 260 3096 lateant
290 3054 329 3096 ac
364 3029 471 3096 divino
505 3030 725 3097 tantummodo
759 3033 896 3096 servicio
926 3042 1054 3117 uacent,
1087 3042 1193 3097 errata
1224 3053 1335 3097 eorum

141 3136 231 3201 iuxta
253 3144 361 3201 nostre
384 3145 495 3202 sancte
517 3135 629 3222 regule
652 3135 845 3202 tradiciones
867 3136 1034 3222 capitulari
1051 3136 1215 3202 diluuntur
1229 3138 1335 3222 rigore

141 3262 200 3304 nec
224 3262 260 3304 se
283 3242 453 3326 quisquam
477 3262 588 3306 eorum
611 3249 704 3304 extra
728 3249 760 3305 et
781 3239 865 3306 ultra
880 3251 1026 3307 nostrum
1042 3240 1231 3307 mandatum
1246 3262 1336 3305 secu·

141 3342 262 3409 laribus
293 3346 455 3431 mancipat
484 3346 637 3431 negociis,
669 3343 755 3409 unde
784 3368 861 3432 ergo
884 3367 1005 3430 eorum,
1030 3344 1071 3410 de
1094 3367 1157 3432 quo
1179 3365 1237 3410 uos
1261 3344 1335 3409 scri·

141 3445 223 3533 bitis,
249 3448 452 3535 progreditur
475 3451 629 3533 regimen.
660 3450 788 3514 Parcite
811 3452 919 3536 itaque
939 3452 1000 3537 piis
1016 3449 1188 3534 mentibus,
1212 3450 1336 3537 parcite

143 3564 249 3619 nostro
272 3556 465 3619 monasterio
488 3553 717 3620 intermedias
741 3552 1004 3620 adversaminum
1027 3556 1138 3620 fauces
1161 3564 1196 3619 ut
1218 3553 1336 3620 videtis

144 3659 293 3723 concluso
323 3682 362 3724 ao
393 3683 436 3725 ex
466 3660 551 3725 omni
578 3668 670 3746 parte
697 3658 818 3725 afflicto
841 3659 1128 3746 benignioremque
1152 3661 1335 3746 opinionem

145 3760 183 3826 de
212 3762 306 3828 nobis
336 3785 376 3829 ac
403 3766 529 3844 nostrie,
558 3787 656 3851 quam
679 3763 795 3847 soletis,
818 3762 941 3829 induite
965 3786 1070 3850 neque
1093 3762 1259 3849 flagellum
1281 3762 1336 3828 fla·

144 3866 224 3950 gello
258 3866 411 3933 inducite.
457 3867 642 3954 Apostolice
677 3867 746 3932 sedi
779 3867 879 3932 veluti
913 3868 1099 3955 adopcionis
1134 3867 1190 3932 filii
1220 3889 1336 3954 parere

144 3978 301 4056 tenemur,
323 3972 501 4059 imperialia
524 3972 678 4038 mandata
701 3975 856 4059 preterire
879 3974 948 4038 sine
971 3983 1079 4039 nostro
1103 3984 1135 4038 et
1158 3975 1257 4038 nostri
1273 3994 1336 4037 mo·

145 4078 273 4141 nasterii
296 4079 470 4164 precipicio
493 4100 557 4142 non
579 4098 758 4164 possumus.
790 4077 863 4142 Hec
886 4077 1013 4163 singula
1036 4099 1094 4142 vos
1116 4080 1149 4142 in
1172 4077 1337 4142 meliorem

146 4182 444 4269 suscipererelitis
474 4191 600 4269 partem
623 4180 785 4267 condigno
808 4190 952 4268 tempore
977 4183 1119 4247 omnium
1140 4204 1250 4247 rerum
1272 4203 1337 4247 mo·

147 4282 293 4352 deratore
315 4309 395 4373 erga
416 4309 474 4352 vos
496 4286 848 4373 recompensandum·
880 4287 1003 4353 Datum
1024 4289 1058 4352 in
1075 4287 1235 4354 Gottwico
1257 4287 1337 4351 feria

146 4389 174 4454 4.
197 4405 271 4478 post
293 4393 493 4458 nativitatem
516 4392 611 4458 beate
633 4392 767 4478 virginis
790 4391 842 4457 81.

439 4549 669 4637 L(aurencius)
694 4549 746 4615 dei
768 4552 880 4635 gracia
902 4549 1006 4615 abbas
1030 4548 1293 4637 G(ottwicensis).

148 4637 350 4649 ἰη-..-ω

150 4722 225 4778 1974.
247 4738 260 4761 ⁸
278 4727 349 4777 sart
366 4734 576 4792 recompemontc.
