3356 5306
1289 429 1354 495 935

161 620 253 683 liuius
284 622 421 685 nominis
454 620 627 705 secundus,
658 622 709 685 vir
738 623 770 685 in
803 621 919 686 divinis
950 631 982 687 et
1010 622 1158 687 humanis
1188 622 1284 687 rebus
1312 646 1355 688 ex

162 744 247 809 equo
279 723 411 808 pollens,
447 726 537 788 cuius
571 723 724 808 singulari
754 723 911 790 industria
943 747 1053 791 omnes
1083 725 1215 803 Austris
1243 725 1358 812 prelati

158 827 297 892 barones
318 851 358 892 ac
378 828 502 893 nobiles
523 851 599 915 sepe
621 832 670 893 usi
692 838 774 895 sunt.
813 828 931 895 Incidit
950 832 982 894 in
1003 852 1042 894 ea
1062 841 1217 916 tempora,
1237 831 1355 917 quibus

157 938 241 997 insta
264 955 338 1018 pars
354 932 485 1010 Austris
508 932 589 997 cede
612 933 698 998 ferro
721 936 796 1019 igne
818 956 878 1019 per
900 936 1164 1000 immanissimum
1189 935 1353 1000 christiani

157 1039 293 1101 nominis
317 1038 440 1102 hostem
462 1037 626 1102 Thurcam
650 1039 753 1124 periit,
777 1040 829 1104 cui
853 1038 1063 1104 defastacioni
1087 1039 1211 1104 fortiter
1233 1050 1266 1104 et
1288 1041 1353 1104 ani-

158 1164 245 1207 mose
268 1144 381 1207 restitit
400 1154 432 1207 et
452 1142 528 1207 inde
548 1141 678 1207 laudem
697 1165 736 1207 ac
756 1142 877 1208 famam
897 1153 929 1207 et
949 1143 1080 1229 quidem
1101 1165 1163 1208 non
1186 1143 1355 1227 vulgarem

158 1245 245 1332 apud
266 1258 409 1331 posteros
430 1246 574 1313 obtinuit.
610 1248 654 1312 Et
673 1247 748 1312 licet
767 1249 800 1312 in
823 1269 863 1313 ea
886 1247 1035 1313 inciderit
1057 1257 1213 1333 tempora,
1237 1248 1354 1335 quibus

158 1354 265 1416 omnia
298 1354 373 1436 igne
406 1351 491 1416 ferro
526 1351 607 1417 cede
639 1363 670 1417 et
700 1354 797 1416 variis
828 1350 985 1417 bellorum
1016 1352 1226 1417 exacionibus
1256 1353 1353 1439 plena

158 1465 258 1539 erant,
289 1455 390 1520 multa
419 1466 538 1540 tamen,
569 1479 632 1542 que
660 1458 709 1520 sui
737 1466 959 1521 antecessores
988 1456 1177 1540 conflarunt,
1210 1456 1354 1522 dissolvit

159 1559 278 1625 debita.
302 1561 401 1625 Varia
418 1571 450 1625 et
465 1564 639 1642 ameniora,
660 1584 724 1647 que
744 1560 828 1626 aduc
844 1563 964 1647 passim
979 1572 1147 1647 apparent,
1169 1564 1354 1627 monasterii

157 1665 228 1729 loca
251 1668 374 1731 exstrui
394 1677 426 1730 et
445 1664 590 1730 edificari
609 1665 694 1730 fecit.
724 1666 956 1731 Monasterium
977 1666 1062 1731 fossa
1084 1676 1116 1731 et
1136 1688 1226 1732 muro
1247 1668 1352 1752 priore

159 1769 382 1849 circumdedit,
403 1769 504 1834 multa
522 1773 655 1857 insuper
674 1770 717 1835 ad
733 1769 953 1835 defensionem
968 1773 1153 1837 monasterii
1170 1774 1354 1837 necessaria

158 1913 200 1921 —
229 1874 319 1939 bellis
347 1877 391 1939 ita
417 1873 653 1960 postulantibus
680 1913 722 1923 —
751 1877 959 1961 comparavit.
1006 1876 1098 1942 Vixit
1118 1875 1222 1941 abbas
1250 1898 1353 1941 annos

157 1979 239 2043 XVI
263 2001 373 2044 mense
396 2002 458 2044 uno
482 1979 551 2045 dies
574 1980 666 2044 XVI.
705 1980 795 2046 Obiit
825 1979 884 2044 sed
910 1979 975 2044 heu
999 1979 1110 2045 morbo
1133 1982 1294 2045 inmatura
1309 2018 1353 2028 -

158 2083 231 2148 latis
257 2085 302 2147 ita
328 2082 509 2149 volentibus
540 2121 577 2130 -
607 2106 671 2148 non
699 2096 773 2148 suez
800 2087 962 2149 communi
989 2083 1191 2150 subditorum
1222 2106 1352 2153 suorum

159 2199 190 2252 et
213 2190 331 2253 civium
354 2191 450 2254 trium
474 2191 639 2254 civitatum
661 2188 760 2269 luctu,
788 2188 829 2253 de
852 2187 970 2275 quibus
993 2187 1093 2253 semel
1116 2199 1214 2276 atque
1236 2191 1352 2254 iterum

159 2291 316 2356 bellorum
335 2302 478 2377 tempore
499 2296 618 2378 optime
638 2295 770 2357 moritus
790 2293 859 2374 fuit,
883 2314 967 2358 anno
987 2316 1007 2357 a
1028 2302 1102 2357 nato
1118 2292 1245 2359 Christo
1270 2291 1352 2357 1532

160 2397 212 2461 die
234 2397 331 2461 ΧΗ40
354 2395 502 2461 octobris.

263 2519 349 2583 Huic
371 2519 533 2583 antedicto
550 2518 672 2582 Matbie
695 2517 815 2603 presuli
838 2517 880 2582 de
900 2519 1016 2583 Znaim
1037 2518 1238 2584 reverendus
1261 2530 1353 2605 pater

159 2622 404 2689 Bartholomeus
425 2621 632 2688 Schtnleben
656 2644 714 2708 per
736 2621 927 2688 electionem
950 2623 1128 2689 succedit⁴¹
1151 2646 1235 2688 anno
1259 2623 1351 2705 1532,

160 2731 214 2815 qni
236 2729 428 2793 adulescens
452 2728 578 2792 Vienne
601 2727 766 2792 Pannonis
789 2728 966 2793 litterarum
994 2730 1151 2812 cognitior
1177 2731 1352 2793 instructus

157 2833 226 2916 fuit,
255 2834 306 2897 cui
332 2832 436 2897 forma
462 2831 616 2898 facundia
642 2833 726 2897 scire
752 2841 894 2918 potestas
921 2835 1035 2915 inerat,
1064 2855 1161 2919 quem
1188 2832 1352 2918 multyver

158 2942 300 3024 corporis
334 2946 365 3001 et
394 2940 501 3002 anime
532 2936 623 3002 dotes
656 2936 699 3001 ad
729 2935 867 3023 gradum
898 2935 1075 3002 sacerdocii
1106 2959 1287 3022 provexere
1320 2947 1353 3000 et

159 3041 289 3106 demum
316 3044 458 3107 omnium
480 3041 616 3107 fratrum
639 3043 782 3105 unanimi
804 3063 884 3105 voce
912 3044 944 3105 in
972 3040 1125 3105 abbatem
1154 3040 1275 3105 electus
1303 3043 1354 3105 vir

158 3146 274 3210 divinis
290 3146 502 3234 humanisque
518 3147 661 3231 negociis
678 3147 854 3211 multiscius
876 3158 1002 3210 arctum
1022 3144 1147 3209 habens
1168 3148 1199 3209 in
1221 3157 1351 3231 pectore

158 3252 350 3337 clavumque
366 3262 491 3316 rectum
506 3262 619 3316 tenens
641 3253 820 3337 summique
844 3252 929 3335 regis
950 3252 1180 3333 antesignanus
1200 3252 1232 3314 in
1253 3249 1354 3315 humi·

157 3355 245 3420 litate
273 3379 336 3419 non
364 3355 587 3441 poenitendus,
616 3365 748 3442 propter
770 3378 853 3441 qnae
877 3355 1073 3440 singularem
1096 3367 1129 3419 et
1152 3353 1213 3419 deo
1235 3357 1353 3441 optimo

158 3463 298 3525 maximo
318 3472 484 3546 acceptam
500 3464 651 3526 virtutem
673 3458 761 3546 apud
782 3481 893 3524 omnes
909 3459 1039 3537 Austris
1060 3459 1199 3545 prelatos
1214 3458 1353 3523 barones

156 3564 281 3629 nobiles
311 3587 427 3629 nomen
461 3577 607 3630 eternum
640 3566 701 3630 sibi
724 3567 851 3650 peperit
873 3573 905 3628 et
927 3563 1196 3629 immortalitatem
1224 3564 1274 3627 sui
1301 3586 1354 3627 no·

157 3672 250 3734 minis
281 3672 416 3756 posteris
447 3669 585 3757 reliquit.
631 3670 749 3735 Incidit
780 3672 811 3733 in
843 3692 882 3733 ea
911 3678 1057 3754 tempora
1087 3671 1137 3733 vir
1166 3690 1221 3732 ore
1252 3667 1354 3754 probo

157 3776 281 3860 piisque
309 3774 453 3841 moribus
483 3775 597 3859 cultus,
626 3774 743 3861 quibus
767 3778 875 3839 omnia
897 3777 971 3858 igne
994 3773 1079 3837 ferro
1104 3773 1184 3838 cede
1208 3772 1354 3839 devasta-

156 3881 307 3964 tioneque
342 3890 373 3945 et
406 3882 504 3944 variis
536 3879 692 3944 bellorum
723 3879 945 3943 exactionibus
976 3879 1072 3964 plena
1103 3890 1203 3944 erant.
1257 3880 1353 3943 Anno

157 3987 321 4069 regiminis
344 3988 393 4050 sni
415 3985 458 4069 5.,
481 3987 597 4050 aetatis
621 4007 698 4049 vero
723 3984 774 4048 38.
792 3995 825 4048 et
847 4008 867 4049 a
882 3984 1009 4050 Christo
1032 3993 1106 4048 nato
1132 3984 1214 4049 1537
1239 3986 1352 4069 quinta

160 4155 366 4162 ————

261 4259 272 4281 ¹
290 4249 361 4299 suu
378 4250 441 4299 aine.

261 4370 285 4402 ⁴⁰
303 4373 319 4435 †
339 4372 405 4421 lbsst
423 4372 483 4422 Oct.
502 4373 533 4420 1³
557 4369 698 4438 (Sonntagl
722 4370 780 4421 lant
792 4369 1036 4421 Wahlinstrument
1053 4369 1100 4421 dss
1117 4368 1199 4418 Abtos
1216 4366 1354 4418 Bartholo-

157 4462 241 4519 muns,
260 4459 371 4524 Angabe
386 4458 432 4507 des
447 4459 611 4523 Gottweiger
624 4458 666 4521 N.,
679 4457 724 4507 dos
743 4457 775 4506 N.
788 4456 835 4506 des
852 4455 945 4507 Stiftes
963 4455 1089 4506 Sebotten
1102 4454 1177 4521 (Pes,
1195 4453 1290 4519 Script
1304 4468 1354 4507 rer.

156 4546 243 4596 Austr.
257 4547 279 4607 1,
298 4544 358 4611 702)
379 4561 405 4595 u.
419 4545 466 4595 des
485 4546 520 4594 im
533 4545 637 4595 Atrium
655 4544 703 4594 der
721 4544 821 4594 Kirche
840 4560 873 4594 nu
892 4543 1026 4608 Gottweig
1044 4544 1265 4608 eingsmauerten
1284 4556 1353 4592 mar-

157 4648 267 4683 momen
286 4632 465 4682 Grabsteinss.
485 4660 518 4668 -
536 4630 558 4661 ⁴¹
580 4631 764 4683 mesomio
784 4629 944 4699 (Mittwoch)
962 4629 1020 4680 lant
1031 4629 1282 4691 Wablinstrnment,
1301 4644 1356 4680 war

157 4719 250 4771 frither
268 4719 344 4769 Prior
363 4718 391 4768 in
410 4718 554 4784 Gottweig.
