3364 5300
300 376 364 439 206

344 568 446 636 1985.
1161 574 1243 631 1482
1258 575 1382 632 october
1399 574 1449 636 14.

300 764 371 830 Dus
402 761 600 843 Domcopitel
627 783 686 826 corr
716 762 844 828 Passus
872 762 995 844 fordert
1025 762 1087 826 ullo
1115 762 1296 844 pcistliclreu
1324 761 1493 827 Belro'rdea

299 870 335 933 in
358 869 413 932 der
436 867 565 933 Diceae
588 870 656 948 auf,
681 868 749 931 oier
772 867 950 932 bertanntea
974 867 1179 949 Durata-eirea,
1204 867 1402 932 centesies
1424 888 1493 930 vom

301 971 424 1054 Captet
447 972 648 1055 abyssondcrt
669 972 770 1037 talen
792 972 841 1036 uls
863 974 915 1036 ein
938 973 1058 1054 eipenes
1075 972 1208 1056 Capitol,
1233 972 1293 1037 deu
1318 971 1491 1038 Gehorsunc

764 1098 805 1140 au
827 1098 1026 1159 ocrtuetpcrn.

403 1252 495 1317 Copia,
514 1253 578 1317 Pap.
592 1268 635 1302 am
654 1253 764 1302 rechten
783 1251 877 1302 Rande
896 1252 1060 1318 beschltdigt.

403 1407 592 1473 Valentinus
624 1407 675 1471 dei
706 1409 817 1491 gracia
847 1407 999 1490 decanus
1031 1408 1193 1473 Iohannes
1222 1410 1331 1473 senior
1353 1419 1385 1473 et
1408 1411 1492 1494 capi-

299 1513 401 1578 tulum
424 1512 560 1577 ecclesie
583 1513 784 1576 Pataviensis
808 1512 983 1598 capitulum
1007 1513 1163 1576 facientes
1187 1524 1218 1578 et
1233 1523 1492 1599 representantes

299 1620 458 1683 universis
490 1629 522 1682 et
552 1617 685 1703 singulis
715 1617 888 1682 abbatibus
920 1620 1090 1704 prepositis
1118 1617 1249 1682 decanis
1280 1618 1493 1684 eeclesiarum

299 1722 549 1809 parrochialium
579 1722 757 1787 rectoribus
789 1744 847 1787 seu
877 1722 1135 1808 vicegerentibus
1165 1722 1342 1787 eorundem
1367 1727 1491 1789 ceteris·

300 1851 363 1914 que
394 1826 594 1914 presbyteris
625 1829 743 1891 curatis
775 1836 806 1891 et
834 1849 898 1891 non
923 1830 1041 1891 curatis
1065 1850 1124 1912 per
1147 1826 1301 1893 diocesim
1324 1829 1492 1893 Patavien-

300 1956 369 1997 sem
400 1931 483 1997 infra
515 1941 545 1996 et
568 1954 667 2017 supra
690 1932 837 1996 Anasum
859 1930 994 1996 ubilibet
1018 1934 1195 1997 constitutis
1218 1932 1353 1997 salutem
1378 1943 1409 1998 et
1432 1935 1491 1998 sin·

300 2060 409 2103 ceram
444 2040 477 2101 in
512 2037 640 2101 domino
678 2038 854 2101 caritatem.
910 2036 979 2101 Iam
1018 2037 1142 2101 dudum
1179 2036 1384 2102 manifestum
1421 2060 1492 2102 esse

300 2142 471 2225 credimus,
503 2140 662 2228 quomodo
693 2140 844 2205 defuncto
876 2140 1039 2227 quondam
1069 2140 1337 2206 reverendissimo
1362 2142 1490 2207 domino

301 2246 455 2311 Udalrico
487 2257 564 2311 tunc
594 2248 744 2332 episcopo
768 2247 962 2329 Pataviensi‚
990 2256 1085 2332 prout
1113 2246 1153 2313 de
1176 2250 1245 2311 iure
1269 2256 1301 2311 et
1323 2247 1490 2333 privilegio

299 2360 368 2416 tum
405 2351 541 2415 ecclesie
573 2362 642 2415 tum
676 2353 778 2414 eciam
813 2353 956 2416 nacionis
991 2352 1184 2416 Germanice
1218 2351 1261 2416 ad
1296 2352 1491 2417 eleccionem

298 2457 398 2521 futuri
419 2457 578 2542 pontificis
600 2458 852 2543 processerimus
875 2466 972 2541 atque
996 2456 1177 2521 reverendo
1201 2458 1234 2521 in
1250 2454 1376 2521 Christo
1400 2466 1491 2542 patre

300 2561 428 2627 domino
452 2561 619 2626 Friderico
642 2561 879 2626 lllawrkireher
908 2564 1075 2647 utriusque
1105 2563 1182 2626 iuris
1210 2561 1340 2627 doctore
1364 2585 1491 2627 concor·

300 2665 374 2731 dem
397 2676 430 2731 et
453 2669 641 2731 canonicam
665 2667 860 2730 eleccionem
882 2667 1054 2730 fecerimus
1074 2666 1304 2753 decretumque
1322 2666 1491 2732 eleccionis

298 2794 395 2856 super
417 2772 488 2855 ipsa
510 2770 673 2834 eleccione
696 2770 879 2835 confectum
899 2769 1047 2835 manibus
1061 2773 1199 2856 propriis
1216 2772 1357 2835 omnium
1374 2771 1492 2856 eligen-

299 2877 378 2940 tium
408 2876 690 2960 subseripserimus
720 2876 752 2938 in
783 2877 852 2938 veri
884 2896 1058 2939 consensus
1087 2877 1311 2939 testimonium.
1358 2876 1400 2939 Et
1422 2886 1493 2961 post

300 2979 494 3046 eleccionem
525 2979 707 3044 huiusmodi
738 2979 798 3043 sub
831 2979 935 3044 forma
958 2980 1071 3065 prefati
1097 2979 1217 3045 decreti
1240 2978 1419 3044 secundum
1444 3003 1491 3045 ca-

299 3088 430 3150 nonicas
459 3084 652 3150 tradiciones
684 3084 791 3149 debito
822 3094 965 3170 ternpore
996 3084 1038 3148 ad
1069 3107 1229 3149 summurn
1253 3085 1417 3149 dominum
1441 3107 1492 3149 no·

300 3201 410 3274 strum,
435 3190 599 3255 dominum
616 3190 744 3255 Sixtum
768 3188 877 3254 divina
897 3189 1101 3276 providentia
1116 3212 1233 3275 papam
1250 3199 1399 3276 quartum
1414 3200 1492 3255 tunc

299 3305 465 3382 regentem
493 3299 625 3381 eiusque
654 3305 799 3359 sanctam
822 3293 932 3360 sedem
955 3294 1164 3380 apostolicam
1187 3318 1245 3380 per
1267 3304 1492 3380 procuratores

300 3410 332 3466 et
362 3400 557 3465 coelectores
588 3408 711 3464 nostros
744 3398 786 3463 ad
816 3398 877 3463 hoc
901 3398 1083 3485 specialiter
1106 3422 1164 3484 per
1187 3422 1244 3463 nos
1268 3399 1438 3485 deputatos
1462 3408 1494 3463 et

300 3506 486 3569 constitutos
517 3503 785 3568 destinaverimus
809 3525 933 3568 necnon
959 3504 1240 3569 confirmacionem
1263 3505 1387 3591 prefate
1411 3505 1492 3569 elec-

300 3612 400 3674 cionis
437 3620 543 3674 nostre
582 3612 735 3674 canonice
770 3608 881 3672 humili
916 3631 990 3673 cum
1023 3611 1180 3674 instancia
1213 3609 1491 3695 postulaverimus.

299 3714 532 3780 Nichilominus
563 3723 670 3779 tamen
695 3717 915 3779 circumvento
939 3736 1062 3778 summo
1086 3713 1215 3778 domino
1238 3724 1345 3779 nostro
1368 3716 1492 3801 prefato

300 3843 359 3906 per
388 3821 628 3905 smrepcionem
659 3830 691 3883 et
722 3817 949 3903 obrepcionem
980 3827 1012 3882 et
1042 3818 1245 3903 quorundam
1276 3841 1335 3882 sua
1363 3821 1492 3906 propria

302 3924 470 3988 commoda
494 3925 697 4009 querentium
719 3925 879 3987 sinistram
901 3925 1163 3987 intercessionem
1186 3926 1254 4008 ipse
1278 3946 1421 3988 summus
1438 3924 1490 3988 do·

299 4032 404 4094 minus
427 4038 535 4092 noster
558 4028 687 4093 cuidam
708 4028 977 4092 reverendissimo
1000 4029 1031 4090 in
1048 4026 1175 4092 Christo
1199 4030 1282 4113 patri
1305 4038 1337 4092 et
1353 4026 1491 4112 domino,

300 4133 427 4198 domino
452 4132 591 4218 Georgio
622 4133 703 4196 tituli
733 4143 843 4197 sancte
867 4133 969 4197 Lucio
1000 4136 1032 4196 in
1056 4131 1151 4197 Silice
1175 4132 1366 4218 presbytero
1390 4133 1492 4197 cardi·

300 4238 364 4303 nali
398 4237 439 4303 de
473 4238 599 4323 prefata
631 4239 817 4302 Pataviensi
851 4236 989 4300 ecelesia
1023 4258 1122 4301 eausa
1157 4236 1326 4302 eleccionis
1361 4240 1491 4303 minime

301 4346 428 4428 cognita
459 4344 574 4426 taliter,
606 4342 742 4427 qualiter
772 4340 921 4428 providit,
946 4342 1149 4407 confirmavit
1171 4350 1203 4406 et
1225 4345 1428 4407 consecravit
1449 4342 1491 4406 ad

300 4447 447 4513 eandem.
478 4447 710 4513 Verumtamen
734 4469 808 4511 eum
831 4445 1012 4510 huiusmodi
1034 4446 1166 4531 grandis
1195 4458 1227 4511 et
1250 4450 1388 4512 enormis
1412 4448 1490 4512 lesio

301 4563 369 4618 tum
391 4555 468 4617 iun‘s
492 4552 669 4617 communis
692 4561 723 4615 et
745 4550 985 4637 privilegiorum
1008 4561 1115 4615 nostre
1139 4550 1274 4615 ecclesie
1289 4552 1491 4616 Pataviensis

301 4668 368 4722 tum
392 4658 528 4721 nationis
552 4655 745 4721 Germanice
769 4654 812 4719 ad
834 4677 892 4719 nos
915 4657 1124 4740 pervenisset,
1150 4654 1286 4720 decretis
1308 4666 1490 4721 sanctorum
