3378 5306
1306 407 1346 471 31

152 593 281 660 ovaret
302 594 370 660 siclt
392 595 483 660 ἀαηη
504 596 590 661 seim
611 595 761 680 Zodluop
782 597 876 663 stelle.
906 597 1069 663 Lctaterer
1089 597 1146 663 hot
1168 596 1249 663 mult
1271 599 1347 663 dur·

151 701 216 783 aof
238 719 281 765 aa
303 700 426 781 coloten,
450 700 525 767 daea
546 701 600 766 die
618 700 794 784 stiftlioltea
817 702 1038 768 Zedeatrecltte
1062 701 1149 768 nield
1168 702 1350 788 peeodddipt

151 805 392 1080 &tzimlers
414 908 482 974 Abt
502 909 705 976 Laurencius
727 912 787 978 mit
808 912 880 978 dem
901 912 1078 979 rticlowdrts
1100 912 1348 996 auspedrtioltten

149 1014 226 1098 »95⁶9

256 1065 396 1186 batam:
430 1118 548 1186 Geben
578 1143 621 1186 an
642 1120 761 1206 frcitag
782 1121 866 1187 nach
890 1121 996 1187 sannd
1012 1121 1198 1207 Vlrichstag
1222 1120 1347 1207 (1470).

256 1294 339 1362 Copie
357 1296 386 1345 in
404 1293 504 1347 cour
521 1295 539 1346 f.
553 1292 606 1346 34‘.
643 1296 770 1348 Deutsch.

193 1521 296 1591 1768.
1075 1527 1159 1586 1470
1174 1529 1236 1586 solt
1253 1528 1304 1588 ta.

147 1696 216 1764 Die
236 1696 335 1763 Aaou
361 1717 422 1762 oon
443 1696 733 1763 Niederosterretot
754 1697 890 1763 atriden
911 1717 972 1762 ooo
994 1696 1135 1780 Bisthof
1151 1695 1267 1764 Ulm'ch
1288 1717 1349 1762 ooo

148 1802 280 1869 Paesaa
302 1801 420 1868 Scitote
445 1801 503 1883 fiir
528 1800 598 1866 ihre
618 1800 735 1867 Recto
760 1803 827 1885 auf
847 1802 899 1867 die
924 1803 1173 1884 incorporierteo
1194 1800 1347 1884 Psarreo.

254 1986 338 2053 Θήῃ,
356 1986 421 2052 Pap.
457 1985 524 2036 Vier
550 1986 600 2036 ani
623 1985 671 2037 der
693 1986 840 2038 Rttckseite
861 1985 1056 2053 aufgedrtlckts
1077 1986 1250 2038 Petschalten
1271 1992 1352 2038 untes

146 2074 334 2142 Papierdacke
352 2072 515 2141 abgeiallen.

255 2213 392 2264 Indoi-sat:
424 2211 646 2265 Reoereods'ees'mo
669 2219 712 2264 ete.
736 2211 865 2275 Vdaln'co,
889 2213 989 2265 musto
1012 2213 1177 2295 Potamonem
1195 2213 1297 2280 pratili
1318 2231 1349 2265 ac

146 2301 283 2369 wipertuli
300 2299 452 2351 mucellos-to
469 2306 514 2350 cte.

254 2464 536 2531 Reverendissime
558 2466 591 2529 in
606 2464 734 2531 Christo
756 2474 850 2552 pater
872 2476 905 2531 et
927 2465 1066 2549 domine,
1091 2466 1220 2532 domine
1243 2465 1348 2531 colen·

147 2572 296 2638 dissimel
331 2579 392 2635 etc.
437 2570 476 2635 In
510 2569 658 2656 synodol
690 2571 838 2656 proxime
872 2571 1006 2637 Patauio
1039 2570 1203 2636 celebrata
1237 2581 1347 2636 vestra

147 2673 422 2743 reverendissima
444 2676 620 2760 paternitas
642 2673 811 2740 mandavit
832 2675 974 2762 prelatis,
998 2685 1156 2762 quatenus
1176 2675 1261 2740 iufra
1275 2697 1346 2761 spa-

147 2784 236 2847 cium
259 2781 355 2845 trium
378 2780 537 2845 mensium
559 2778 699 2845 eandem
721 2780 941 2863 informarent,
964 2803 1028 2868 quo
1050 2782 1119 2846 iure
1143 2781 1348 2846 instituerent

148 2897 181 2952 et
206 2886 421 2952 destituerent
442 2883 718 2951 administratores
741 2885 923 2972 spirituales
945 2887 999 2951 vel
1021 2885 1183 2952 seculares
1206 2908 1246 2951 ac
1269 2885 1347 2952 divi·

147 3013 266 3057 norum
297 2998 521 3077 cooperatores
551 2989 762 3055 ecclesiarum
791 2990 1041 3077 parrochialium
1070 2993 1348 3079 incorporatarum

147 3096 191 3164 ad
215 3106 331 3161 nutum
353 3098 496 3181 ipsorum
519 3094 718 3180 amovibiles‚
742 3117 806 3181 quo
830 3097 934 3161 eciam
956 3096 1124 3183 privilegio
1147 3118 1221 3161 cum
1240 3096 1347 3163 huius-

146 3200 238 3268 modi
267 3198 411 3265 ecclesiis
432 3201 646 3286 incorporatis
668 3201 808 3285 compati
830 3221 895 3266 non
919 3200 1077 3266 deberent
1099 3200 1186 3266 clero
1209 3200 1348 3267 seculari

145 3308 179 3372 in
204 3306 330 3371 stewris
353 3303 586 3369 exaccionibus
610 3306 786 3369 caritativis
810 3304 1012 3389 [subsidiis]¹
1044 3355 1345 3373 ..........

147 3459 517 3478 ............
550 3431 609 3496 pro
639 3418 732 3496 parte
763 3408 1024 3496 deputandorum
1045 3409 1089 3475 ad
1112 3409 1254 3498 synodos
1277 3412 1346 3476 mit

146 3514 321 3582 tendorum
350 3516 383 3579 in
407 3515 561 3600 expensis
583 3522 656 3597 etc,
680 3513 723 3579 ad
746 3536 810 3601 que
833 3514 1031 3600 respondere
1055 3514 1217 3580 credimus
1240 3513 1347 3580 eidem

145 3643 175 3686 v.
200 3643 227 3685 r.
252 3641 284 3706 p.
309 3640 374 3684 non
404 3618 505 3684 latere
535 3621 729 3684 monasteria
755 3618 978 3705 religiosorum
1001 3640 1044 3683 ex
1066 3620 1143 3685 iuris
1167 3622 1345 3685 communis

147 3723 365 3810 disposicione
388 3745 408 3788 a
430 3721 502 3808 lege
526 3722 711 3810 dyocesana
734 3732 887 3809 exempta
909 3745 981 3788 esse
1004 3745 1045 3788 ec
1067 3725 1171 3789 eciam
1193 3733 1345 3811 respectu

149 3829 366 3894 ecclesiarum
395 3831 596 3895 monasteriis
628 3831 745 3895 nostris
775 3831 1052 3914 incorporotarum
1082 3830 1150 3893 sive
1173 3830 1345 3913 unitarum,

146 3935 282 3999 eciamsi
313 3932 466 4019 specialia
496 3934 665 4020 privilegia
691 3936 921 4021 exempciones
944 3936 1013 3998 sive
1036 3936 1172 3999 uniones
1195 3933 1257 3998 alie
1281 3955 1346 3998 ces-

147 4047 271 4122 sarent,
294 4039 475 4125 prescripta
497 4040 568 4103 iura
589 4038 682 4104 nobis
706 4048 738 4104 et
760 4041 962 4105 monasteriis
984 4040 1101 4104 nostris
1118 4061 1160 4105 ex
1175 4040 1346 4126 prescr[ip·

147 4300 232 4355 1788.
254 4311 269 4336 ⁸
287 4299 366 4367 Polgt
384 4301 429 4351 ein
447 4300 515 4351 Riss.

252 4439 263 4472 ¹
281 4440 357 4492 Auch
379 4441 434 4492 Abt
461 4441 566 4492 Lorena
592 4458 645 4492 von
674 4442 809 4510 thweig
835 4458 891 4494 war
917 4440 1038 4493 dasalbst
1063 4442 1214 4504 anwesend,
1241 4441 1276 4492 da
1303 4441 1348 4492 die

146 4531 300 4594 Rechnung
318 4544 379 4580 vom
398 4527 483 4579 Jahrs
503 4529 571 4579 1468
595 4528 740 4596 folgenden
759 4531 982 4597 Ausgabaposten
1005 4531 1124 4582 enthttlt:
1160 4529 1224 4581 lton
1245 4529 1347 4580 domino

147 4614 262 4685 [abbati]
281 4616 318 4668 ad
337 4616 476 4667 Patavium
493 4615 530 4666 cd
546 4616 665 4667 einodum
682 4617 755 4668 XXI
764 4614 805 4674 id.
824 4615 914 4678 1118.
933 4620 968 4667 15
981 4620 1022 4683 tl·
1041 4621 1151 4684 exceptio
1165 4618 1286 4683 plurimu
1303 4635 1343 4668 mr·

143 4709 238 4770 paiste
250 4722 303 4771 per
321 4703 488 4756 Lemurdum
504 4704 654 4771 Toumar
664 4705 755 4769 sactis,
770 4723 821 4772 pro
839 4706 930 4770 ᾳυίὸω
947 4705 1018 4757 deda
1035 4705 1152 4757 contem
1169 4709 1263 4756 mocon.
