3356 5306
1310 409 1372 474 891

180 600 265 664 Mai·
336 703 516 789 Lampach,
544 702 706 769 Iohannes
728 706 760 769 in
784 703 985 790 Salcnburga
1007 704 1079 790 pbr.
1097 715 1129 770 et
1148 729 1190 770 m.
1220 745 1260 754 -
1288 706 1376 772 Adii-

337 807 442 872 haidis
465 830 538 891 sor,
562 807 751 892 Benedicta,
774 808 894 894 Sophia
917 819 993 873 sor⁰⁸
1009 832 1039 874 n.
1057 832 1085 875 c.

67 989 68 992 Ἴ
182 912 233 976 86.
257 919 404 974 Eleutherii
419 936 487 990 pape
502 922 530 973 et
545 923 623 975 mart.
647 951 689 962 —
711 911 919 999 Theopoldns
941 913 1013 999 pbr.
1031 922 1063 978 et
1077 937 1119 979 m.
1137 938 1167 980 n.
1185 917 1216 979 in
1238 914 1376 999 Mellico,

337 1016 475 1083 Iodocus
509 1017 581 1103 pbr.
606 1027 639 1082 et
666 1041 708 1083 m.
735 1017 834 1083 Althe
867 1018 1042 1083 Inferioris.
1078 1056 1119 1066 -
1153 1019 1301 1084 Barbara
1334 1019 1377 1084 ad

338 1121 493 1187 Sanctum
515 1122 670 1187 Iacobum
693 1122 855 1209 Wyenne.

182 1226 233 1290 87.
258 1227 300 1291 D.
321 1226 533 1293 Cristannus¹
564 1227 640 1292 abb.
661 1230 694 1291 in
723 1226 974 1314 Seyttenstetsn,
998 1227 1227 1294 Wollfhardus
1253 1227 1324 1314 pbr.
1346 1238 1379 1294 et

337 1356 379 1397 m.
392 1355 424 1396 n.
438 1355 478 1414 c.,
495 1343 523 1393 a⁰
539 1341 573 1393 86
589 1331 701 1419 (1526)
718 1339 751 1394 fr.
767 1340 901 1394 Iohannes
915 1339 974 1410 pbr.
987 1344 1014 1394 et
1026 1357 1061 1396 m.
1074 1357 1100 1396 n.
1113 1358 1134 1395 c.
1147 1340 1218 1395 filius
1233 1338 1378 1411 Augustini

339 1441 514 1514 Carpentarii.
538 1474 580 1484 -
596 1436 776 1522 Wilibirgis
799 1458 860 1502 sor.
877 1460 908 1502 n.
927 1460 955 1502 c.

184 1539 234 1605 88.
260 1539 421 1627 Georgius
449 1541 522 1606 olim
545 1543 692 1627 provisor
713 1551 796 1607 net
817 1564 859 1606 m.
875 1565 906 1607 n.
925 1564 964 1625 c,
988 1547 1157 1603 Cristoffarus
1177 1549 1378 1606 asabsentia

338 1652 433 1708 Sooaw.
457 1684 499 1693 —-
522 1652 662 1707 Elisabeth
677 1670 728 1708 sor.
744 1670 804 1708 nc.

182 1750 233 1816 29.
258 1750 300 1815 D.
316 1750 477 1816 lohannes
498 1750 574 1816 abb.
590 1753 624 1815 in
643 1750 866 1832 Nidernaltha,
887 1751 1048 1816 Mathias’
1069 1750 1111 1816 de
1127 1751 1377 1838 Obernnwurga

338 1878 380 1920 m.
397 1879 428 1920 n.
446 1878 473 1920 c.

184 1960 235 2026 30.
260 1968 355 2022 Felicis
375 1985 443 2038 pape
463 1971 490 2021 et
510 1971 589 2023 mart.
617 1999 659 2008 -
683 1960 899 2047 Wolfgangus
927 1983 969 2026 m.
989 1984 1022 2026 11.
1039 1984 1079 2046 0.,
1108 1961 1284 2047 Gregorius
1307 1962 1377 2049 pbr.

339 2076 371 2131 et
394 2090 436 2132 m.
460 2065 501 2130 de
524 2065 676 2150 Krembs,
704 2065 920 2131 Leonhardus
942 2065 1014 2152 pbr.
1031 2077 1064 2131 et
1086 2089 1128 2131 m.
1146 2066 1187 2132 de
1211 2065 1243 2131 S.
1262 2066 1378 2150 Grues,

338 2170 489 2236 Matheus
520 2172 607 2257 prior
636 2170 676 2235 de
704 2169 1003 2236 Krembsmnnster.
1032 2208 1074 2219 —
1101 2171 1288 2257 Margarsta
1316 2194 1378 2237 sor.

339 2299 369 2340 n.
387 2298 426 2360 o,
450 2275 580 2340 Martha
603 2298 663 2340 sor.
681 2274 723 2340 ad
747 2275 902 2342 Sanctum
924 2275 1091 2341 Iacobum.

184 2381 234 2445 31.
258 2387 409 2442 Petronelle
431 2387 498 2456 virg.
531 2417 572 2427 -
601 2379 754 2446 Placidus
783 2380 855 2467 pbr.
879 2389 911 2445 et
933 2403 975 2446 m.
997 2403 1029 2446 n.
1052 2404 1090 2465 a,
1121 2380 1195 2447 olim
1223 2384 1379 2469 provisor,

340 2484 582 2550 Helbemwicus
599 2483 694 2571 dyac.
707 2507 738 2549 n.
753 2508 780 2549 c.
797 2522 839 2532 -
856 2484 1038 2550 Adiibaidis
1058 2507 1119 2550 sor.
1132 2509 1164 2551 11.
1178 2509 1217 2570 c,
1239 2485 1379 2553 Oristina

342 2589 374 2672 l‘,
390 2597 488 2651 Hester
503 2596 616 2666 Striglin
632 2614 682 2652 sor.
695 2597 727 2651 de
743 2597 768 2653 S.
780 2598 867 2651 Maria
881 2597 1038 2667 Magdalena
1053 2598 1172 2653 Wisnne.

184 2748 276 2814 June.

185 2853 213 2918 1.
237 2852 388 2936 Karalus,
411 2850 581 2917 Pertoldus
604 2850 645 2916 mi
660 2874 691 2915 n.
710 2874 749 2935 c.,
766 2856 902 2913 Oswaldus
918 2858 984 2915 diac.
997 2876 1053 2916 can.
1066 2860 1098 2915 de
1114 2859 1210 2914 Secaw.
1233 2890 1276 2899 —
1300 2852 1379 2919 Ger-

341 2955 452 3021 drudis
476 2978 537 3021 sor.
555 2980 585 3021 11.
604 2978 631 3020 c.

184 3062 213 3127 2,
238 3069 395 3137 Marcellini,
410 3069 485 3123 Petri
500 3073 528 3123 et
542 3068 654 3123 Brasmi.
682 3099 724 3109 —
752 3061 925 3129 Andreas⁸
954 3062 994 3128 de
1021 3063 1093 3128 Palt
1119 3062 1191 3149 pbr.
1214 3072 1246 3128 et
1273 3065 1379 3128 senior

339 3191 371 3231 n.
393 3189 432 3249 c,
460 3165 657 3231 Benedictus
686 3166 726 3231 de
753 3167 889 3233 Mansee
916 3168 986 3254 pbr.
1008 3177 1041 3233 et
1067 3191 1120 3250 m,
1149 3167 1180 3233 d.
1202 3167 1380 3233 Martinus¹

340 3271 415 3336 abb.
444 3270 485 3336 ad
518 3270 674 3337 Sanctum
700 3272 812 3336 Vitum
843 3270 911 3336 ohis
942 3272 1067 3337 Rotam.
1102 3310 1146 3320 -
1183 3273 1380 3357 Margareta,

340 3375 520 3441 Benedicta
542 3386 618 3440 εοι438
633 3399 665 3441 ιι.
683 3399 710 3442 c.

184 3481 213 3544 3.
238 3479 449 3545 Meinhardus
472 3479 544 3566 pbr.
562 3490 593 3545 et
608 3503 650 3546 m.
668 3505 699 3546 n.
717 3504 755 3564 c,
776 3486 912 3542 Oswaldus
927 3487 985 3559 pbr.
1000 3493 1027 3545 et
1042 3505 1098 3544 can
1111 3488 1143 3542 ad
1160 3488 1287 3544 Sanctum
1302 3488 1381 3544 Nico·

339 3592 412 3646 laum
429 3592 570 3662 Pataris).
595 3624 635 3631 -
659 3583 811 3670 Madidis,
836 3585 979 3651 Wentiia
1003 3597 1078 3651 εοιΘΕ
1094 3609 1124 3651 n.
1143 3609 1171 3651 c.

183 3688 213 3751 4.
238 3688 392 3755 Albertus
423 3711 465 3754 m.
490 3713 520 3754 n.
546 3711 585 3774 c.,
619 3689 650 3756 d.
674 3690 849 3754 Heinrieus
883 3712 972 3776 prep.
998 3690 1039 3755 de
1070 3690 1189 3756 Sancto
1219 3692 1380 3778 Yppolit0,

341 3801 473 3854 Iohannes
488 3792 672 3854 Rabemnest⁶
686 3801 705 3856 l.
718 3804 745 3855 st
760 3801 900 3855 familiaris
915 3818 941 3856 n.
971 3833 1011 3840 -
1040 3793 1203 3860 christina
1225 3818 1285 3862 sor.
1303 3819 1334 3862 n.
1352 3821 1380 3862 o.

185 3896 214 3963 b.
239 3898 426 3985 DyetricuS,
450 3898 622 3963 Heinricus
645 3898 698 3963 fr⁶⁸
714 3923 744 3964 n.
763 3921 790 3963 c.
815 3936 856 3946 -
879 3898 1014 3985 Heylka
1037 3920 1098 3964 sor.
1117 3922 1149 3964 n.
1167 3922 1195 3965 c.

290 4090 299 4122 ¹
319 4091 454 4141 Christian
473 4091 544 4143 Kolb
564 4092 735 4143 1488-1468
760 4089 860 4161 (Prisca
883 4094 911 4142 in
930 4093 1199 4158 Benedictinerbuch,
1217 4094 1244 4145 S.
1257 4094 1328 4160 437).
1349 4123 1379 4133 -

184 4177 196 4209 ¹
215 4180 269 4229 Das
288 4180 324 4229 St.
339 4178 450 4229 Pbltnsr
466 4178 601 4245 Necrolog
618 4179 691 4229 iuhrt
708 4195 751 4231 am
771 4183 812 4230 30.
824 4180 880 4230 Mai
898 4179 979 4230 sinen
1003 4180 1119 4231 Matbiea
1140 4196 1192 4231 ren.
1210 4181 1242 4232 de
1261 4180 1381 4233 donabo

182 4268 242 4330 pbr.
257 4273 279 4316 et
297 4267 379 4331 confr.
392 4284 418 4317 a.
438 4282 473 4316 an
492 4265 789 4333 (nontamen).
808 4294 840 4304 —
858 4264 870 4297 ⁸
888 4266 938 4316 Am
957 4269 981 4318 8.
994 4266 1061 4317 Juni
1080 4267 1148 4318 anch
1161 4267 1333 4319 verzeichnet
1345 4271 1381 4320 im

185 4354 459 4404 Klein-Matianellar
482 4353 615 4420 Necrolog
638 4352 756 4421 (Staufsr
778 4356 807 4404 in
824 4354 936 4404 Studien
958 4355 1033 4417 1880,
1051 4355 1118 4406 Heft
1134 4354 1181 4417 1v,
1200 4353 1245 4420 91)
1269 4355 1323 4406 und
1345 4358 1382 4407 im

185 4441 222 4492 St.
236 4441 347 4492 Peitnsr
359 4441 494 4507 Necrolog
512 4442 600 4507 (Font.
614 4444 638 4504 8,
650 4442 724 4504 XXI,
737 4441 807 4507 888).
828 4468 859 4478 -
878 4440 889 4470 ⁴
907 4440 962 4492 Abt
973 4442 1073 4493 Martia
1092 4442 1108 4507 †
1124 4442 1190 4491 1496
1208 4441 1308 4507 (Series
1320 4444 1381 4494 abb.

185 4528 415 4579 San-Vitanorum
439 4530 467 4579 in
492 4530 563 4579 Mon.
581 4531 659 4581 boica
675 4529 707 4593 V,
725 4528 795 4597 884).
820 4556 852 4565 -
875 4526 887 4558 ⁶
909 4528 965 4579 Dae
987 4528 1025 4580 St.
1038 4527 1229 4579 Lambrechter
1249 4529 1382 4597 Necrolog

185 4614 358 4665 verzeiohnet
375 4630 418 4665 am
431 4618 455 4666 4.
468 4616 548 4667 duni:
567 4617 677 4667 lammae
689 4618 833 4668 Rabmncrt
844 4617 927 4681 confi.
940 4622 962 4666 et
974 4617 1120 4682 familior-is
1131 4614 1199 4667 moni
1220 4615 1384 4668 &abacia

186 4703 245 4753 obiit
263 4720 332 4753 anno
350 4710 393 4754 etc.
411 4703 506 4754 &aare
523 4711 592 4754 resto
611 4703 702 4771 (1516)
722 4701 849 4771 (Pangsrl
867 4705 896 4754 in
914 4705 993 4755 Font.
1006 4706 1032 4766 8,
1044 4704 1142 4765 XXIX,
1157 4705 1226 4771 188).
