3406 5300
26 556 28 659 l

1293 405 1358 472 993

267 594 403 679 Siepler:
425 596 477 663 dle
498 596 842 664 Urlctmdeuuusotellar.

267 718 391 784 Datum
413 719 515 785 Rome
545 721 578 785 in
608 719 757 785 domibus
779 723 895 786 nostris
919 720 1033 809 (1496)
1056 721 1109 786 die
1132 744 1209 788 vero
1233 731 1358 808 quarta·

165 821 292 888 decima
321 826 440 890 mensis
468 825 615 909 ianuarii,
644 825 850 911 pontificatus
878 835 938 892 etc.
984 825 1166 892 Alexandri
1189 836 1249 893 eto.
1273 849 1358 914 pape

165 931 248 993 sexti
270 951 355 995 anno
378 938 502 1017 quarto.

268 1121 351 1190 Orig„
369 1123 447 1190 Perg.
484 1124 544 1175 Lat.
579 1126 622 1177 An
640 1125 849 1207 Hanlschntlren
866 1141 957 1177 waren
975 1128 1009 1177 20
1027 1126 1118 1195 Siegal
1135 1126 1299 1193 angehtngt.

267 1262 318 1312 Am
330 1262 406 1329 Buge
425 1263 484 1314 sind
502 1264 546 1314 die
564 1267 599 1315 20
612 1265 717 1316 Namen
736 1265 783 1317 der
794 1265 899 1332 Siaglor
917 1267 1100 1332 eingetragen.
1118 1266 1168 1316 Am
1181 1267 1257 1332 Buge
1269 1265 1359 1316 rechts

164 1364 216 1399 ron
235 1348 283 1400 der
300 1350 336 1401 H.
348 1350 394 1402 des
412 1351 661 1404 Urk.-Schreibers:
679 1354 720 1404 Jo.
732 1352 857 1418 Lolard1'5
873 1353 957 1404 links:
977 1354 1039 1405 XX.
1074 1352 1132 1405 Aut
1146 1353 1194 1404 der
1212 1354 1358 1404 Rtelrseite

166 1437 193 1485 in
216 1436 264 1488 der
281 1437 373 1489 Mitte:
398 1437 430 1489 P.
448 1438 576 1504 Gentem
598 1440 738 1492 darunter:
763 1441 794 1492 F.
812 1441 844 1491 de
865 1441 971 1494 (lenaei.
1006 1441 1099 1493 Ueber
1120 1441 1164 1492 die
1182 1441 1285 1493 Kosten
1304 1441 1359 1506 vgl.

166 1539 204 1574 nr.
223 1525 300 1574 2117.

209 1769 310 1838 9125.
925 1778 1009 1836 1496
1025 1779 1154 1838 lebrnar
1166 1777 1217 1846 1⁷,
1234 1781 1315 1838 lton.

167 1960 291 2043 Rupert
312 1961 421 2045 Splepl
449 1963 583 2029 scireut
605 1962 671 2029 Abt
692 1963 839 2030 Metilius
861 1964 889 2029 I.
913 1986 974 2030 von
997 1964 1153 2049 eottweip
1175 1986 1280 2049 saepen
1302 1966 1360 2031 der

349 2065 616 2133 Statloaoobldeae
636 2068 705 2133 uod
726 2070 860 2134 uudaer
882 2069 1171 2153 Anqeteqeateuen.

271 2261 356 2329 erig„
377 2263 443 2329 Pap.
479 2262 617 2314 Petschaft
638 2263 804 2330 abgefallen3
831 2263 916 2331 Copia
938 2265 967 2314 in
985 2263 1049 2315 (lod.
1062 2265 1114 2314 894
1137 2262 1225 2332 (rothe
1242 2280 1291 2325 nr.,
1313 2281 1361 2315 un·

166 2400 277 2468 foliiert)
295 2417 345 2453 aus
362 2401 422 2453 dem
443 2404 482 2453 18.
495 2402 591 2454 Jahrb.

272 2592 466 2659 Reverendo
496 2602 599 2680 pater,
632 2593 760 2659 domine
795 2593 1033 2658 colendissimo!
1066 2602 1128 2658 eto.
1173 2592 1237 2658 Die
1265 2594 1361 2658 tertia

166 2701 345 2784 praesentis
372 2700 491 2764 mensis
521 2698 683 2783 (Februor
697 2701 734 2785 3)
757 2698 898 2786 quodam
920 2722 1051 2765 cursore
1067 2699 1266 2764 Venetorum
1290 2701 1361 2763 misi

166 2803 208 2868 ad
231 2826 262 2889 p.
287 2827 320 2868 v.
344 2828 370 2869 r.
394 2805 427 2868 in
442 2803 597 2869 Venetiae
620 2803 742 2870 litteras
766 2806 909 2869 stationis
933 2814 965 2869 et
986 2806 1134 2869 missivas
1157 2803 1359 2869 reverendis-

166 2910 237 2973 simi
272 2907 392 2973 domini
425 2907 598 2974 cardinalis
628 2908 780 2975 Senensis
810 2908 853 2973 ad
884 2918 1080 2974 conventum
1112 2908 1360 2993 Gotwicensem,

166 3012 284 3099 quibus
311 3022 479 3079 attestatur
509 3021 652 3079 vestram
682 3013 898 3078 reverendam
919 3016 1147 3099 paternitatem
1171 3023 1304 3079 exactas
1327 3016 1361 3079 in

166 3121 301 3205 negocio
332 3118 418 3184 beati
446 3119 613 3185 Altmanni
643 3119 697 3184 hic
726 3118 854 3184 habitas
885 3118 1073 3205 diligencius
1104 3142 1179 3184 cum
1210 3121 1360 3185 citatione

167 3233 279 3289 contra
305 3225 464 3290 intrusum
485 3227 519 3289 in
541 3223 734 3311 parrochiali
757 3223 895 3290 ecclesia
917 3226 949 3290 in
972 3224 1134 3310 Meisling,
1157 3224 1360 3289 Pataviensis

166 3327 314 3394 diocesis.
359 3329 426 3394 Eas
455 3330 487 3394 in
509 3329 662 3394 Veneeiis
686 3332 868 3416 percepisse
893 3328 999 3394 credo.
1046 3327 1277 3414 Indulgenciae
1300 3337 1360 3394 sta·

165 3435 290 3498 tionum
321 3432 532 3498 ecclesiarum
554 3442 685 3520 praeter
707 3432 865 3520 speciales
888 3443 920 3499 et
942 3434 1098 3520 proprias,
1122 3435 1261 3521 quaein
1284 3454 1360 3520 qua·

167 3536 351 3624 dragesima
374 3537 589 3625 duplicantur,
613 3548 687 3604 sunt
710 3548 833 3626 septem
853 3561 1019 3623 annorum,
1044 3560 1124 3626 quas
1141 3536 1231 3602 dedit
1245 3537 1361 3603 beatus

167 3642 345 3729 Gregorius
367 3642 522 3729 quottidie
539 3642 685 3727 ecclesie,
709 3642 765 3708 ubi
780 3645 890 3728 stacio,
913 3665 1010 3729 quam
1026 3645 1094 3729 ipse
1111 3643 1254 3727 instituit,
1278 3641 1359 3707 cele-

166 3747 288 3831 bratur,
319 3757 355 3813 ut
384 3747 463 3813 dicit
483 3748 645 3813 Iohannes
668 3746 709 3813 de
732 3748 982 3813 Turreoremata
1003 3749 1036 3812 in
1058 3756 1199 3813 tractatu
1223 3746 1264 3812 de
1287 3769 1360 3834 poe·

166 3853 316 3917 nitenciis
345 3874 444 3938 super
471 3854 576 3938 prima
598 3852 800 3918 distinctione
823 3852 1013 3918 centesima:
1045 3852 1095 3916 his
1117 3852 1361 3918 auctoritatibus

167 3967 227 4023 etc.
273 3957 314 4022 In
343 3957 428 4022 facto
458 3955 567 4022 brevis
598 3957 756 4023 hactenus
778 3957 822 4022 nil
845 3957 1011 4024 obtentum
1034 3965 1166 4043 propter
1188 3956 1360 4023 mendacia

166 4061 305 4128 abbatis.
342 4061 528 4149 Expediam
550 4061 681 4147 bullam,
705 4084 803 4149 quam
819 4062 1032 4148 Saltneburge
1054 4084 1119 4127 non
1142 4063 1204 4127 erit
1226 4083 1360 4127 neeesse

168 4176 353 4255 expectare,
376 4169 501 4232 mittam
523 4190 596 4233 eam
618 4167 662 4232 ad
683 4166 911 4233 Froselmoser.
957 4167 1032 4233 Alia
1053 4176 1126 4254 post
1147 4190 1179 4232 v,
1195 4190 1220 4234 r.
1242 4189 1274 4254 p.
1298 4165 1359 4231 dis·

168 4294 296 4339 cessum
326 4272 600 4338 adscribendum
623 4272 723 4359 digna
744 4295 809 4337 non
832 4280 1019 4338 evenerunt.
1063 4272 1213 4359 Expecto
1234 4274 1268 4336 in
1292 4270 1360 4336 dies

168 4376 288 4444 litteras
310 4401 341 4442 v.
358 4400 383 4443 r.
400 4400 443 4463 p.,
467 4377 585 4465 quibus
607 4399 785 4463 agnoscere
807 4400 937 4465 possum
959 4376 1104 4464 pericula
1127 4387 1159 4442 et
1174 4375 1361 4442 discrimina

169 4484 293 4548 viarum
324 4481 366 4548 ab
385 4482 478 4565 „urbe
507 4504 611 4569 usque
640 4484 674 4546 in
697 4480 868 4549 Veneoias.
913 4482 986 4548 Hiis
1016 4505 1069 4547 me
1099 4505 1131 4568 p.
1155 4505 1186 4547 v.
1210 4503 1236 4547 r.
1264 4483 1360 4546 unice

170 4587 368 4655 commendo.
413 4587 467 4653 Ex
489 4586 571 4653 urbe
595 4586 647 4652 die
673 4585 722 4652 l‘l.
739 4587 895 4653 februarii
917 4610 1002 4652 anno
1028 4585 1121 4652 1496.

271 4693 419 4757 Eximiae
443 4715 468 4757 r.
484 4715 517 4779 p.
534 4715 563 4757 v.
582 4690 800 4757 deditissimus
822 4695 992 4758 inservitor
1014 4692 1177 4778 Rupertus
1200 4688 1300 4776 Spigl.
