3916 5292
1344 406 1404 472 391

216 593 300 656 61661
324 591 629 659 Fructuariensibus
651 595 713 660 hoc
736 617 835 682 super
857 595 976 680 addito,
1002 597 1087 683 quod
1103 598 1156 663 illo
1173 597 1234 682 die,
1258 620 1321 684 quo
1340 598 1410 665 bre·

215 698 264 760 vis
296 719 406 761 eorum
438 699 469 761 in
502 707 609 763 nostro
638 700 778 786 capitulo
804 701 1038 786 pronuntiatur,
1068 702 1163 766 etiam
1185 705 1218 767 iu
1241 703 1410 769 refectorio

220 799 390 886 prebenda
412 800 551 868 donatur
574 813 606 868 61
628 805 660 868 16
683 803 764 869 libro
787 806 852 886 vite
875 804 1070 871 scribuntur.

260 1080 364 1148 2227.
758 1089 841 1147 11181
857 1085 1192 1170 [661866166161241
1210 1093 1367 1165 uonuatg.

217 1275 281 1340 Aba
310 1274 480 1341 Hermann
494 1298 570 1341 loon
596 1276 750 1360 Gottweip
780 1278 975 1344 bemboadot
1003 1277 1299 1363 saevaesaeuae
1328 1280 1412 1346 61661

217 1379 317 1462 Hosca
337 1400 380 1444 66
401 1379 560 1464 Hciafeld
582 1382 708 1446 661166
730 1381 873 1466 (16111966
894 1381 1032 1465 Pfurrcr
1051 1382 1202 1449 Dictator
1223 1384 1336 1450 aeitcas
1358 1384 1412 1450 das

532 1484 681 1569 Papae
704 1486 879 1552 Bcrobord
899 1507 960 1552 666
983 1486 1099 1553 Voroo.
1339 1489 1350 1522 '

322 1670 394 1736 Orig.
408 1671 444 1719 im
457 1670 572 1721 Archiae
590 1670 616 1720 d.
628 1670 720 1722 Stiftes
733 1671 832 1737 Veron,
850 1671 928 1738 Perg.
965 1672 1016 1723 Mit
1033 1672 1132 1738 Siegcl.

320 1792 428 1857 Caesar,
446 1792 563 1843 Annales
580 1792 693 1844 ducatus
711 1793 817 1858 Styriae
837 1793 871 1855 11,
890 1794 941 1844 118
960 1810 1000 1844 ur.
1015 1794 1073 1844 181.

322 1958 389 2024 Nos
404 1958 611 2023 Hermannus
635 1958 744 2023 diviua
765 1960 969 2025 miseratione
985 1958 1087 2025 abbas
1103 1959 1260 2025 ecclesiae
1276 1959 1411 2026 Chotov-

218 2064 358 2129 vicensis
392 2061 551 2147 omnibus,
586 2062 629 2127 ad
663 2085 743 2151 quos
774 2085 928 2150 praesens
959 2065 1113 2149 scriptum
1142 2066 1337 2150 pervenerit,
1366 2087 1412 2130 66·

218 2167 319 2234 lutem
349 2170 381 2233 in
413 2167 550 2233 domiuo.
596 2169 712 2252 Rogati
742 2191 802 2255 per
831 2168 1047 2234 reverendum
1078 2171 1109 2235 iu
1132 2167 1260 2235 Christo
1288 2179 1413 2257 patrem

220 2283 251 2337 et
282 2271 457 2353 dominum,
488 2271 652 2339 dominum
673 2272 927 2357 Wernbardum‚
950 2272 1171 2339 venerabilem
1194 2274 1413 2360 praepositum

220 2377 376 2443 ecclesiae
399 2377 606 2461 Vorovensis,
630 2400 673 2442 ex
696 2400 761 2442 666
783 2386 875 2463 parte
899 2390 931 2442 et
954 2379 1149 2465 Dytmarum
1171 2377 1348 2464 plebanum
1372 2376 1413 2442 de

220 2481 425 2547 Hainvvelde
450 2504 492 2546 ex
514 2481 617 2547 altera
639 2491 741 2569 parte,
765 2492 801 2547 ut
823 2492 1024 2549 contractum
1046 2482 1131 2549 infra
1153 2485 1307 2569 scriptum
1332 2481 1414 2547 cele·

221 2586 347 2652 brutum
377 2588 461 2651 inter
490 2589 576 2671 ipsos
607 2588 724 2652 uostris
753 2585 866 2651 litteris
896 2586 1027 2652 firmare
1050 2608 1248 2670 curaremus,
1272 2585 1359 2674 quod
1382 2597 1414 2651 et

220 2690 354 2756 fecimus
389 2714 498 2756 eorum
532 2690 684 2777 precibus
719 2701 908 2757 annuentes
952 2692 1110 2757 Noverint
1143 2693 1241 2777 igitur
1271 2693 1412 2758 universi

220 2804 407 2882 praesentes
437 2795 559 2861 litteras
589 2798 774 2883 inspecturi,
798 2795 885 2883 quod
907 2794 994 2861 idem
1017 2795 1165 2861 dominus
1188 2806 1296 2861 666161
1317 2818 1413 2861 venc-

219 2899 328 2966 rabilis
363 2903 563 2987 praepositus
587 2900 807 2965 Vorovveusis
838 2899 880 2964 de
910 2898 1075 2965 voluntate
1104 2910 1137 2964 et
1167 2901 1311 2966 unanimi
1341 2921 1413 2964 con·

220 3028 317 3071 sensu
346 3007 442 3071 totius
473 3014 650 3070 conventus
681 3006 729 3070 sui
761 3006 883 3069 curiam
912 3026 1022 3069 eorum
1045 3005 1076 3067 in
1102 3003 1296 3068 Hauuvelde
1320 3012 1414 3069 extra

219 3111 324 3176 forum
354 3112 446 3175 sitam
476 3108 561 3173 dicto
584 3110 744 3196 Dytmaro
775 3107 913 3195 plebano
937 3106 1057 3173 ibidem
1080 3109 1149 3174 1616
1172 3108 1258 3173 civili
1280 3107 1413 3174 contulit

220 3214 365 3281 subhac
387 3215 500 3300 forma,
523 3224 559 3279 ut
581 3216 683 3300 ipsam
707 3215 832 3279 6611616
854 3212 939 3279 iufra
961 3215 1133 3279 triennium
1156 3215 1313 3279 instauret
1327 3211 1412 3278 aedi·

218 3320 299 3385 ficiis
321 3322 511 3386 necessariis
535 3329 567 3385 et
589 3319 739 3404 honestis,
762 3321 895 3404 insuper
917 3320 950 3383 in
971 3318 1052 3383 festo
1069 3317 1155 3383 beati
1170 3316 1411 3384 Bartholomaei

219 3425 353 3513 apostoli
390 3425 522 3510 singulis
559 3427 651 3490 annis
688 3447 788 3489 unum
826 3423 981 3490 talentum
1016 3445 1173 3489 uovorum
1207 3422 1412 3488 denariorum

222 3530 466 3596 Wiennensium
496 3552 554 3616 pro
581 3532 651 3595 iure
675 3529 771 3614 civili,
795 3537 831 3595 ut
852 3528 1066 3615 premisimus,
1090 3549 1252 3592 unacum
1276 3527 1413 3593 caeteris

132 3692 135 3697 ,
221 3634 369 3700 omnibus
397 3637 544 3719 servitiis,
567 3657 651 3721 quac
673 3633 727 3699 alii
750 3633 853 3698 coloni
876 3655 987 3698 eorum
1010 3630 1131 3698 ibidem
1155 3631 1292 3714 solvunt,
1316 3640 1348 3695 et
1370 3629 1413 3694 ad

222 3740 488 3807 cousuetudinem
518 3741 704 3826 provinciae
734 3738 947 3825 approbatam
978 3736 1082 3802 solvat
1109 3746 1141 3801 et
1162 3738 1232 3822 ipse
1254 3735 1412 3823 plebanus

223 3844 263 3910 de
294 3846 385 3911 curia
416 3844 540 3910 eadem.
587 3843 652 3925 Qui
675 3846 701 3909 si
724 3843 787 3908 ullo
810 3853 955 3930 tempore
978 3841 1147 3927 negligens
1169 3842 1321 3908 fueritin
1343 3862 1412 3927 pre·

221 3952 334 4033 missis,
364 3949 407 4014 ad
437 3949 569 4014 modum
598 3948 729 4013 alterius
760 3947 863 4012 coloni
892 3969 1017 4033 poenae
1047 3947 1105 4032 pro
1133 3944 1188 4011 tali
1217 3945 1413 4032 negligentia

209 4050 351 4121 'debitae
375 4053 564 4131 subiacebit.
611 4053 645 4119 si
669 4074 744 4118 vero
767 4051 854 4117 idem
877 4050 1035 4137 plebanus
1058 4054 1090 4116 16
1113 4049 1162 4116 his
1185 4049 1335 4115 omnibus
1359 4072 1413 4113 ex-

222 4160 384 4226 solvendis
406 4162 586 4226 temeritate
609 4180 676 4241 sua,
701 4157 788 4243 quod
810 4156 903 4240 absit,
927 4157 1100 4221 tentaverit
1122 4154 1273 4220 reluctari
1295 4163 1414 4239 etpost

221 4269 337 4332 trinam
368 4264 626 4346 admonitionem,
658 4285 742 4349 quae
773 4285 832 4326 sex
862 4259 1141 4326 hebdomadarum
1172 4260 1272 4325 currit
1301 4259 1413 4344 spatio,

223 4393 286 4435 non
329 4371 504 4435 correxerit
541 4366 722 4432 huiusmodi
760 4368 994 4432 contumaciam
1032 4375 1065 4431 et
1101 4387 1254 4449 errorem,
1293 4373 1413 4429 extunc

223 4476 350 4540 omnino
379 4476 448 4539 iure
479 4495 536 4537 suo
567 4470 664 4537 cadat
692 4481 725 4537 et
754 4470 842 4536 dicta
873 4471 962 4536 curia
993 4492 1067 4534 oum
1090 4469 1239 4534 omnibus
1262 4466 1323 4533 sibi
1344 4469 1413 4531 6111-

222 4578 372 4644 nentibus
399 4577 441 4643 ad
465 4576 628 4643 dominum
652 4578 850 4663 prepositum
873 4585 905 4640 et
929 4574 1099 4640 ecclesiam
1122 4595 1214 4639 suam
1236 4570 1337 4636 libere
1361 4570 1411 4636 de·

224 4683 379 4750 volvetur.
429 4683 604 4750 Praeterea
638 4684 664 4747 61
698 4701 853 4770 processu
886 4681 1038 4769 temporis
1071 4681 1177 4767 ipsum
1209 4676 1412 4744 Dietmarum
