3406 5300
1367 434 1432 501 eol

240 638 314 717 post
342 639 376 695 et
405 637 516 694 eontra
546 626 729 694 huiusmodi
759 627 1007 716 appellationem
1031 650 1071 693 ao
1101 629 1226 714 negocii
1248 626 1434 714 principalia

241 735 436 800 coniunctim
466 733 519 799 vol
550 732 678 801 divisim
706 732 803 799 alicui
832 744 886 799 ex'
902 731 1092 799 reverendis
1119 731 1274 819 patribus,
1298 732 1435 798 dominis

242 861 414 905 causarum
442 839 542 904 vestri
571 841 656 904 sacri
685 837 802 925 palacii
824 837 989 925 apostolici
1011 836 1212 904 auditoribus
1236 839 1435 903 committere

242 953 275 1009 et
296 942 454 1009 mandare
475 944 650 1008 summarie
673 941 860 1030 simpliciter
882 951 914 1007 et
936 941 977 1008 de
1002 941 1099 1028 plano
1122 952 1155 1008 et
1170 951 1348 1007 convontus
1363 963 1437 1006 oon·

242 1050 315 1114 stite
337 1047 399 1113 sibi
422 1046 464 1112 de
478 1068 544 1113 non
558 1056 626 1113 tuto
641 1069 777 1113 accessu
792 1046 836 1113 ad
851 1068 1024 1133 personam
1039 1047 1185 1113 eiusdem
1200 1046 1323 1113 Mathis
1338 1048 1436 1112 otiam

241 1150 528 1218 extraindioialiter
551 1161 583 1217 et
606 1160 699 1217 extra
714 1153 894 1217 Romanam
917 1153 1042 1217 curiam
1065 1154 1248 1218 citationem
1270 1174 1330 1239 per
1351 1150 1436 1216 edic·

242 1267 309 1322 tum
339 1254 506 1344 publicum
529 1255 713 1344 exequendi
737 1256 892 1322 decernat
913 1267 946 1321 et
967 1278 1028 1343 per
1051 1256 1191 1322 edictum
1215 1259 1308 1322 citari
1328 1258 1436 1343 ipsum

243 1360 376 1427 mandet
394 1360 549 1427 audiendi
566 1361 783 1446 cognoscendi
803 1360 975 1427 decidendi
992 1372 1024 1427 et
1038 1362 1104 1427 fine
1120 1361 1227 1428 debito
1241 1358 1437 1427 terminandi

242 1488 317 1531 oum
341 1466 546 1553 emergendis
568 1465 749 1531 incidendis
772 1464 996 1553 dependendis
1019 1468 1156 1532 annexis
1177 1475 1210 1531 et
1224 1468 1380 1531 connexis
1396 1485 1436 1529 aa

242 1581 401 1657 potestate
424 1570 545 1637 dictum
565 1570 721 1637 Mathiam
743 1573 777 1636 in
792 1572 940 1637 Romana
962 1573 1052 1638 ouria
1073 1582 1106 1637 et
1129 1580 1222 1637 extra
1244 1594 1317 1636 eam
1340 1571 1437 1635 etiarn

243 1698 302 1763 per
333 1675 473 1742 edictum
502 1685 538 1741 nt
564 1676 726 1762 prefertur
748 1675 868 1741 citandi
891 1697 931 1741 ao
954 1675 1048 1742 dictis
1069 1675 1231 1743 iudicibus
1254 1687 1288 1742 et
1309 1673 1437 1762 quibus

244 1802 384 1866 eumque
406 1780 486 1863 aliis,
511 1779 629 1866 quibus
651 1780 749 1845 fuerit
769 1780 991 1863 inhibendum,
1014 1780 1192 1847 inhibendi.
1216 1781 1290 1847 Non
1311 1779 1437 1845 obstan·

243 1885 329 1950 tibus
362 1883 450 1971 qnod
484 1906 582 1951 eausa
615 1906 674 1950 seu
709 1907 805 1952 cause
836 1885 1019 1952 huiusmodi
1050 1885 1093 1952 ad
1123 1889 1228 1973 ipsam
1257 1887 1438 1950 Romanam

244 1992 366 2055 curiam
396 1989 506 2055 forsan
536 1990 677 2075 legitime
708 1989 859 2057 devoluta
889 2013 948 2056 seu
976 1994 1011 2057 in
1040 1992 1163 2057 eadem
1186 1990 1228 2056 de
1251 1993 1300 2056 sui
1323 1999 1440 2056 natura

243 2105 299 2158 aut
327 2095 427 2181 ipsius
457 2096 648 2159 necessitate
677 2095 847 2160 tractande
877 2095 929 2161 vel
959 2094 1101 2162 finiende
1131 2118 1195 2161 non
1226 2098 1369 2162 existant
1399 2115 1438 2159 aa

244 2199 521 2263 constitutionibus
551 2208 584 2263 et
614 2199 866 2265 ordinationibus
896 2200 1078 2284 apostolicis
1109 2201 1293 2287 ceterisque
1316 2209 1439 2265 contra·

243 2305 326 2368 rium
348 2303 540 2369 facientibus
563 2325 627 2368 non
650 2303 852 2370 obstantibus
876 2303 1133 2391 quibuscunque.

289 2579 391 2649 9198.
755 2654 759 2663 ,
964 2583 1396 2669 [resonans-nemra]

349 2774 613 2862 Soheffleytzech
647 2799 688 2840 zu
722 2776 872 2841 Mantarn
906 2775 1028 2842 habent
1060 2776 1327 2862 auffentplangen
1356 2798 1440 2840 nncn

245 2879 313 2945 und
334 2901 444 2964 gewer
468 2878 523 2966 Ἄ·
546 2883 660 2945 vineae
683 2879 799 2945 hindar
821 2880 881 2945 der
902 2891 966 2947 stat
984 2881 1131 2966 gelegen,
1156 2879 1264 2949 daron
1279 2903 1355 2946 man
1371 2879 1441 2945 dint

246 3007 311 3071 gan
336 2985 525 3072 Gott(weig)
549 2985 682 3051 Martini
706 2986 805 3070 Vct,
835 2985 883 3051 als
906 2985 971 3051 dan
995 2988 1053 3051 mit
1076 2985 1176 3051 chaus
1195 3009 1260 3052 van
1283 2985 1441 3051 Lienhart

247 3090 466 3177 Kohnkinger
486 3113 528 3155 an
553 3088 605 3154 die
628 3090 770 3175 gedacht
792 3089 872 3155 zech
895 3090 1057 3156 kchomen
1077 3090 1162 3156 nach
1178 3113 1237 3175 sag
1252 3090 1348 3155 erber
1362 3089 1440 3177 leyt,

247 3193 451 3280 presentibus
474 3194 576 3262 Glacz
607 3219 647 3260 zu
670 3194 831 3279 Mentem,
863 3198 993 3261 meister
1015 3196 1125 3261 Niolas
1153 3194 1274 3260 richter
1301 3193 1439 3260 daselbs.

351 3389 429 3439 Notis
448 3391 476 3439 in
494 3388 557 3443 Cod.
571 3389 598 3441 Η
616 3389 634 3440 f.
647 3386 716 3449 2822
735 3389 936 3456 unvollstandig
954 3406 980 3442 u.
994 3390 1077 3443 durch
1095 3392 1155 3441 eine
1172 3392 1277 3456 apatere
1289 3390 1323 3443 Η.
1337 3388 1441 3455 getilgt.

352 3511 403 3561 Die
421 3510 639 3577 chronologische
652 3511 821 3578 Einreihnng
839 3513 926 3579 ergibt
944 3513 1000 3563 sich
1018 3527 1067 3564 ans
1085 3512 1145 3563 dem
1157 3513 1257 3562 Datum
1276 3511 1443 3563 dei-vorans·

247 3596 388 3665 gebenden
412 3597 467 3648 nnd
490 3599 537 3649 der
560 3600 673 3651 aweiten
697 3598 913 3665 nachlolgenden
936 3615 975 3651 nr.
994 3628 1026 3637 -
1044 3599 1184 3650 sabbatum
1203 3606 1266 3650 ante
1285 3599 1369 3650 letare
1387 3597 1442 3649 und

248 3684 316 3735 seria
334 3685 372 3735 VI
390 3690 453 3737 ante
471 3686 563 3737 Georii
583 3687 658 3736 1499.

293 3893 395 3961 9199.
1055 3901 1399 3977 1499Αμιιι9,ιιοω.

354 4085 551 4152 Guillerinns
582 4085 623 4151 de
650 4087 816 4172 Perreriis‚
850 4086 1053 4153 decretorum
1084 4088 1206 4172 doctor,
1237 4087 1443 4152 subdecanus

250 4191 460 4274 Pietavensis‚
491 4190 611 4257 domini
640 4195 740 4257 nostri
770 4214 854 4279 pape
885 4192 1071 4278 capellanus
1103 4203 1135 4258 et
1160 4195 1260 4285 ipsius
1283 4195 1366 4258 sacri
1390 4215 1443 4279 pa-

250 4296 323 4362 lacii
356 4295 522 4383 apostolici
556 4319 727 4362 cansarum
757 4308 818 4364 eto.
849 4299 986 4384 auditor,
1019 4300 1123 4365 sitim
1156 4299 1223 4381 aas
1246 4298 1361 4381 Befebl
1391 4300 1445 4364 des

252 4401 386 4484 Popates
409 4402 593 4467 Alexander
613 4402 679 4484 Vl„
707 4403 859 4468 noobdem
886 4403 953 4469 ilem
980 4405 1031 4470 die
1053 4405 1182 4487 darauf
1198 4404 1373 4487 bertelicbe
1394 4425 1443 4469 er-

252 4504 365 4589 ledt'pte
393 4505 583 4589 Bitiaelarift
612 4508 666 4573 dea
691 4507 855 4590 Biaolaofea
880 4507 1108 4591 Obriatofferus
1137 4529 1198 4574 ooo
1220 4509 1348 4575 Pansae
1376 4508 1445 4573 aad

256 4729 339 4788 2198.
361 4747 373 4770 ¹
392 4735 472 4785 Wohl
490 4738 562 4801 inpar
580 4752 613 4787 su
632 4738 773 4802 ergtnzen.
