3916 5292
453 414 517 479 374

453 607 524 693 ipsa
553 606 709 671 hactenus
740 605 781 670 de
811 607 991 671 intencione
1021 603 1279 672 adversariorum
1303 627 1401 671 causa
1424 628 1487 671 non
1510 613 1643 685 constat,

455 732 516 776 noc
539 708 716 796 quidquam
739 708 946 795 preiudieiale
969 713 1174 776 intentarunt.
1199 710 1323 797 Scripsi
1346 733 1420 776 cum
1436 711 1532 776 Petro
1554 711 1644 775 fami·

455 815 525 880 liari
556 816 756 902 paternitatis
786 839 817 880 v.
841 838 866 879 r.
890 837 948 901 pro
978 815 1131 881 mandato
1160 815 1293 901 speciali
1322 815 1366 880 ad
1393 837 1534 896 eausam,
1557 814 1644 901 quod

456 918 551 984 bodie
577 928 724 1005 expecto,
770 918 885 985 Habeo
908 920 1088 986 confectam
1112 922 1375 986 constitucionem
1397 918 1564 986 formalem
1587 941 1645 1006 per

457 1026 682 1112 paternitatem
710 1048 742 1088 v.
766 1048 791 1090 r.
819 1035 853 1091 et
882 1025 1046 1090 dominum
1069 1026 1237 1092 Andream
1266 1029 1422 1092 seniorem
1453 1048 1561 1091 coram
1591 1024 1645 1091 do

457 1133 543 1196 mino
565 1129 710 1195 Iohanne
733 1129 914 1215 Ingemaler
943 1133 1066 1197 notario
1096 1133 1173 1198 satis
1196 1133 1360 1217 antiquam
1384 1140 1416 1196 et
1437 1130 1571 1196 multum
1592 1152 1646 1216 ge·

457 1235 610 1317 neralem,
634 1256 731 1321 quam
756 1234 850 1300 bodio
872 1235 916 1301 ad
938 1247 1011 1302 acta
1032 1246 1143 1301 nostra
1166 1235 1306 1322 produxi
1330 1245 1523 1322 exspectans
1546 1236 1645 1321 speci-

459 1340 555 1405 ficum
593 1340 791 1426 paternitatis
829 1362 859 1404 v.
891 1364 916 1405 r.
951 1339 1047 1405 solius
1080 1340 1204 1427 absque
1239 1350 1409 1406 conventu.
1455 1339 1529 1406 Sola
1562 1342 1646 1404 euim

459 1445 634 1530 paternitas
657 1467 687 1506 v.
705 1467 729 1508 r.
754 1447 851 1510 citata
874 1446 996 1509 exstitit
1010 1445 1052 1510 ad
1067 1447 1256 1511 instanciam
1273 1447 1505 1533 episcoporum.
1532 1444 1646 1510 Habeo

459 1548 663 1613 nihilominus
693 1548 848 1634 quottidie
874 1549 1064 1615 familiarem
1087 1549 1260 1636 specialem
1283 1549 1413 1635 vigilem
1436 1551 1469 1614 in
1493 1546 1647 1614 condictis

460 1674 558 1737 super
587 1674 642 1717 eos
672 1661 705 1717 et
734 1655 760 1718 si
790 1653 913 1740 aliquos
939 1663 1038 1719 testes
1060 1655 1216 1720 affuturos
1239 1664 1271 1720 et
1292 1653 1518 1719 subordinatus
1539 1652 1647 1717 forsan

459 1754 663 1843 produceret,
686 1755 729 1821 ad
752 1757 954 1843 repellendos
977 1781 1031 1824 eos
1054 1768 1086 1824 et
1100 1759 1142 1824 ad
1159 1758 1268 1825 danda
1282 1760 1534 1844 interrogatoria.
1559 1757 1647 1822 Anti-

461 1883 525 1947 qno
554 1859 734 1926 huiusmodi
765 1884 816 1927 me
838 1864 995 1948 iuvarem,
1018 1848 1093 1929 lieet
1115 1873 1308 1929 conventum
1332 1866 1372 1928 sit
1393 1864 1520 1928 nomine
1546 1871 1648 1948 pater-

461 1966 569 2031 nitatis
592 1989 623 2030 ν.
644 1988 670 2030 r.
694 1974 726 2031 et
753 1977 929 2032 conventus
952 1970 1146 2052 monasterii,
1178 1991 1277 2056 quare
1300 1970 1403 2055 primo
1425 1966 1490 2032 fido
1512 1967 1649 2032 nnnccio

462 2070 504 2135 ad
528 2092 579 2135 me
602 2069 768 2136 ordinetur
789 2072 986 2138 mandatum.
1019 2072 1115 2153 Quod
1138 2095 1258 2159 arguor
1280 2072 1321 2137 de
1344 2073 1425 2138 raris
1448 2072 1584 2136 missivis
1606 2069 1649 2135 ad

462 2178 686 2261 paternitatem
717 2199 747 2240 v.
775 2199 801 2241 r.
833 2176 924 2261 datis,
957 2189 989 2242 et
1017 2180 1123 2242 minus
1151 2177 1245 2242 meob
1275 2177 1404 2242 videtur
1430 2178 1521 2242 inste.
1566 2175 1650 2240 Nam

463 2279 624 2365 prioribus
657 2281 856 2367 temporibus
890 2282 995 2348 nullus
1029 2285 1168 2347 occurrit
1201 2305 1323 2366 cursor,
1354 2284 1406 2347 oui
1435 2292 1501 2347 tute
1530 2281 1651 2346 litteras

464 2386 662 2450 committere
693 2388 877 2471 potuissem,
907 2408 1013 2473 neque
1044 2386 1192 2452 omnibus
1220 2387 1497 2473 proficiscentibus
1527 2384 1570 2450 ad
1591 2384 1650 2449 bas

463 2489 585 2555 litteras
618 2489 884 2555 committendas⁰
918 2491 1078 2556 videntur.
1123 2492 1247 2557 Vereor
1281 2493 1375 2569 enim,
1409 2513 1451 2555 ne
1485 2489 1528 2573 id,
1566 2487 1651 2575 quod

464 2595 648 2680 paternitati
676 2618 707 2659 v.
731 2619 756 2659 r.
780 2593 906 2679 accidit,
939 2606 974 2661 ut
995 2596 1100 2661 littere
1123 2595 1165 2660 ad
1188 2619 1245 2661 vos
1268 2595 1450 2661 ordinatasd
1474 2594 1517 2659 ad
1540 2615 1652 2659 manus

465 2699 580 2785 prefati
611 2699 730 2764 domini
762 2702 903 2786 episcopi
932 2704 1132 2787 perveniant,
1164 2701 1240 2766 mibi
1268 2700 1404 2766 accidat.
1450 2699 1522 2764 Hoc
1545 2709 1652 2763 tamen

464 2802 572 2869 inbilei
595 2826 679 2869 anno
702 2815 834 2892 propter
856 2808 1066 2872 nuncciorum
1089 2809 1213 2894 copiam
1236 2807 1433 2892 frequentior
1455 2828 1510 2869 ero
1530 2805 1561 2868 in
1579 2804 1652 2867 scri·

461 2908 582 2974 bondo.
628 2909 702 2973 Non
732 2909 907 2976 demiretur
937 2913 1112 2997 paternitas
1138 2935 1169 2976 v.
1194 2934 1231 2993 r.‚
1260 2910 1346 2997 quod
1369 2932 1427 2997 pro
1451 2909 1538 2974 alara
1559 2929 1653 2993 nego·

465 3016 587 3079 ciorum
616 3024 779 3100 gestorum
810 3017 994 3102 scripserim
1023 3016 1263 3080 informacione.
1309 3014 1451 3081 Facilius
1481 3014 1566 3078 enim
1599 3014 1653 3076 irn-

465 3118 606 3185 bibitur‘¹
644 3121 759 3185 iniuria
796 3143 855 3206 per
888 3142 1020 3207 passum
1054 3143 1150 3207 quam
1184 3130 1341 3185 astantem
1376 3142 1433 3183 seu
1466 3116 1653 3183 auditorem.

466 3224 582 3289 Habeo
614 3224 740 3311 singula
768 3226 886 3309 scripta
908 3227 942 3289 in
966 3247 1005 3289 ea
1028 3246 1064 3289 re
1087 3247 1146 3311 per
1168 3224 1332 3290 dominnm
1354 3223 1532 3288 Iohannem
1554 3221 1654 3286 Bome

466 3338 598 3417 propter
634 3328 740 3413 allata,
776 3352 839 3416 que
872 3329 1104 3416 aliquantulum
1140 3332 1243 3394 eciam
1276 3331 1361 3393 inter
1393 3350 1428 3392 se
1462 3326 1654 3412 discrepant,

468 3435 636 3500 conficiam
658 3444 766 3499 tumtur
788 3434 963 3499 formaliter
985 3434 1136 3500 articulos
1158 3443 1270 3498 contra
1285 3433 1542 3498 adversariorum
1557 3432 1654 3494 inten-

468 3541 603 3624 cionem,
627 3561 700 3605 cum
723 3561 803 3625 opus
825 3539 930 3603 fuerit.
972 3538 1045 3603 Non
1068 3538 1197 3605 videtur
1218 3537 1297 3603 mibi
1321 3536 1510 3618 consultum,
1533 3543 1568 3599 ut
1590 3533 1655 3598 effi·

470 3646 593 3709 ciamur
611 3653 746 3726 actores,
769 3643 828 3708 sed
843 3643 1084 3730 expectandum
1100 3645 1168 3727 erit,
1193 3641 1270 3730 quid
1286 3639 1462 3706 adversarii
1477 3638 1655 3704 moliantur.

469 3750 658 3816 Familiares
688 3748 808 3814 banchi
830 3748 1058 3834 anlrarorum
1086 3748 1208 3813 babent
1230 3748 1428 3812 avisamenta
1451 3769 1470 3810 a
1493 3739 1656 3808 Frosobel·

468 3875 576 3920 moser
606 3852 648 3919 de
678 3855 902 3920 satisfaccione
924 3856 1050 3938 integra
1072 3875 1172 3938 super
1194 3853 1344 3917 mutuatis
1366 3849 1550 3937 paternitati
1572 3869 1603 3910 v.
1619 3868 1656 3926 r.‚

470 3959 528 4024 sed
552 3959 593 4024 de
617 3968 745 4025 eentum
760 3959 891 4024 florenis
906 3959 948 4024 ad
965 3981 1097 4024 eausam
1113 3957 1266 4022 ordinatis
1282 3978 1342 4043 per
1356 3955 1477 4020 metum
1493 3949 1657 4016 Frosebel·

470 4086 578 4131 moser
606 4067 767 4151 perceptis
799 4075 831 4131 et
861 4087 940 4151 quos
970 4074 1048 4149 per⁰
1080 4065 1111 4128 in
1136 4062 1259 4130 Urbem
1282 4083 1340 4147 per
1363 4081 1435 4124 eum
1458 4059 1537 4122 mitti
1562 4054 1657 4119 debe·

471 4180 583 4235 rentur
603 4168 657 4235 vel
681 4170 760 4235 certi
782 4169 952 4251 habentur,
976 4190 1077 4256 quare
1100 4169 1276 4254 paternitas
1298 4188 1330 4229 v,
1346 4188 1372 4229 r.
1388 4166 1503 4228 iterum
1519 4157 1658 4224 eundem

472 4284 507 4339 ut
536 4276 648 4341 mittat.
703 4273 872 4341 Sollicitari
901 4275 999 4340 faciat
1028 4274 1088 4338 biis
1115 4295 1166 4337 me
1196 4271 1378 4356 paternitati
1400 4291 1429 4331 v.
1454 4288 1490 4347 r.‚
1519 4282 1594 4328 cum
1615 4260 1658 4326 ad

472 4401 606 4466 presens
636 4381 700 4446 alia
729 4379 901 4446 scribenda
931 4400 995 4444 non
1025 4387 1206 4462 occurrant,
1238 4377 1298 4441 nisi
1327 4371 1411 4460 quod
1443 4366 1658 4434 sanctissimus

473 4626 556 4683 2214.
577 4630 590 4663 ¹²
608 4628 678 4680 Statt
695 4644 741 4679 nra.
772 4656 805 4665 —
831 4627 984 4695 eElrgttnre
1002 4625 1064 4689 opti.
1096 4649 1128 4661 -
1158 4621 1263 4688 dOrig.
1294 4645 1326 4656 -
1357 4615 1463 4681 ⁸Folgt
1480 4611 1523 4665 ein
1542 4610 1659 4661 nnlasar·

473 4718 558 4769 liebea
578 4716 661 4768 Wort.
