<?xml version="1.0" encoding="UTF-8"?>
<!DOCTYPE html PUBLIC "-//W3C//DTD XHTML 1.0 Transitional//EN"
    "http://www.w3.org/TR/xhtml1/DTD/xhtml1-transitional.dtd">
<html xmlns="http://www.w3.org/1999/xhtml" xml:lang="en" lang="en">
 <head>
  <title>
</title>
<meta http-equiv="Content-Type" content="text/html;charset=utf-8" />
  <meta name='ocr-system' content='tesseract 3.04.00' />
  <meta name='ocr-capabilities' content='ocr_page ocr_carea ocr_par ocr_line ocrx_word'/>
</head>
<body>
  <div class='ocr_page' id='page_1' title='image "./fontesrerumaust13unkngoog_0022.png"; bbox 0 0 3378 5306; ppageno 0'>
   <div class='ocr_carea' id='block_1_1' title="bbox 339 419 359 481">
    <p class='ocr_par' dir='ltr' id='par_1_1' title="bbox 339 419 359 481">
     <span class='ocr_line' id='line_1_1' title="bbox 339 419 359 481; baseline 0 0"><span class='ocrx_word' id='word_1_1' title='bbox 339 419 359 481; x_wconf 88' lang='grc'>6</span> 
     </span>
    </p>
   </div>
   <div class='ocr_carea' id='block_1_2' title="bbox 338 611 1527 702">
    <p class='ocr_par' dir='ltr' id='par_1_2' title="bbox 338 611 1527 702">
     <span class='ocr_line' id='line_1_2' title="bbox 338 611 1527 702; baseline 0.005 -28"><span class='ocrx_word' id='word_1_2' title='bbox 338 632 380 675; x_wconf 91' lang='lat' dir='ltr'>ne</span> <span class='ocrx_word' id='word_1_3' title='bbox 402 611 536 674; x_wconf 90' lang='lat' dir='ltr'>nimium</span> <span class='ocrx_word' id='word_1_4' title='bbox 558 619 740 675; x_wconf 79' lang='lat' dir='ltr'><strong>crescentes</strong></span> <span class='ocrx_word' id='word_1_5' title='bbox 763 613 909 696; x_wconf 90' lang='lat' dir='ltr'>germina</span> <span class='ocrx_word' id='word_1_6' title='bbox 931 614 1088 679; x_wconf 88' lang='lat' dir='ltr'>seminum</span> <span class='ocrx_word' id='word_1_7' title='bbox 1111 615 1277 679; x_wconf 88' lang='lat' dir='ltr'>suffocent.</span> <span class='ocrx_word' id='word_1_8' title='bbox 1304 615 1391 680; x_wconf 89' lang='lat' dir='ltr'>Nihil</span> <span class='ocrx_word' id='word_1_9' title='bbox 1409 618 1527 702; x_wconf 84' lang='lat' dir='ltr'>quippe</span> 
     </span>
    </p>
   </div>
   <div class='ocr_carea' id='block_1_3' title="bbox 339 714 1532 1957">
    <p class='ocr_par' dir='ltr' id='par_1_3' title="bbox 339 714 1532 1957">
     <span class='ocr_line' id='line_1_3' title="bbox 339 714 1527 805; baseline 0.005 -27"><span class='ocrx_word' id='word_1_10' title='bbox 339 715 370 778; x_wconf 91' lang='lat' dir='ltr'>in</span> <span class='ocrx_word' id='word_1_11' title='bbox 402 723 528 779; x_wconf 89' lang='lat' dir='ltr'>rectore</span> <span class='ocrx_word' id='word_1_12' title='bbox 559 714 768 799; x_wconf 78' lang='lat' dir='ltr'>periculosius</span> <span class='ocrx_word' id='word_1_13' title='bbox 792 724 850 799; x_wconf 91' lang='lat' dir='ltr'>est,</span> <span class='ocrx_word' id='word_1_14' title='bbox 874 737 972 802; x_wconf 86' lang='lat' dir='ltr'>quam</span> <span class='ocrx_word' id='word_1_15' title='bbox 994 739 1080 782; x_wconf 85' lang='lat' dir='ltr'>vana</span> <span class='ocrx_word' id='word_1_16' title='bbox 1102 717 1263 784; x_wconf 87' lang='lat' dir='ltr'>humilitas</span> <span class='ocrx_word' id='word_1_17' title='bbox 1285 718 1328 783; x_wconf 92' lang='lat' dir='ltr'>ad</span> <span class='ocrx_word' id='word_1_18' title='bbox 1352 721 1527 805; x_wconf 88' lang='lat' dir='ltr'>correpcio·</span> 
     </span>
     <span class='ocr_line' id='line_1_4' title="bbox 339 818 1529 909; baseline 0.006 -28"><span class='ocrx_word' id='word_1_19' title='bbox 339 839 414 882; x_wconf 88' lang='lat' dir='ltr'>nem</span> <span class='ocrx_word' id='word_1_20' title='bbox 437 840 517 904; x_wconf 89' lang='lat' dir='ltr'>erga</span> <span class='ocrx_word' id='word_1_21' title='bbox 539 818 694 903; x_wconf 88' lang='lat' dir='ltr'>superbos</span> <span class='ocrx_word' id='word_1_22' title='bbox 717 828 947 907; x_wconf 88' lang='lat' dir='ltr'>protervosque</span> <span class='ocrx_word' id='word_1_23' title='bbox 970 821 1124 887; x_wconf 90' lang='lat' dir='ltr'>subditos.</span> <span class='ocrx_word' id='word_1_24' title='bbox 1154 823 1312 909; x_wconf 81' lang='lat' dir='ltr'>Corripiat</span> <span class='ocrx_word' id='word_1_25' title='bbox 1326 826 1424 908; x_wconf 88' lang='lat' dir='ltr'>igitur</span> <span class='ocrx_word' id='word_1_26' title='bbox 1437 826 1529 889; x_wconf 85' lang='lat' dir='ltr'>iuxta</span> 
     </span>
     <span class='ocr_line' id='line_1_5' title="bbox 340 922 1530 1016; baseline 0.007 -30"><span class='ocrx_word' id='word_1_27' title='bbox 340 922 487 1008; x_wconf 87' lang='lat' dir='ltr'>regulam</span> <span class='ocrx_word' id='word_1_28' title='bbox 516 924 675 1009; x_wconf 89' lang='lat' dir='ltr'>inquietos</span> <span class='ocrx_word' id='word_1_29' title='bbox 705 934 777 1008; x_wconf 87' lang='lat' dir='ltr'>etc,</span> <span class='ocrx_word' id='word_1_30' title='bbox 809 923 1008 991; x_wconf 87' lang='lat' dir='ltr'>subditorum</span> <span class='ocrx_word' id='word_1_31' title='bbox 1038 937 1146 992; x_wconf 89' lang='lat' dir='ltr'>autem</span> <span class='ocrx_word' id='word_1_32' title='bbox 1177 928 1281 993; x_wconf 89' lang='lat' dir='ltr'>discat</span> <span class='ocrx_word' id='word_1_33' title='bbox 1309 931 1530 1016; x_wconf 87' lang='lat' dir='ltr'>unusquisque</span> 
     </span>
     <span class='ocr_line' id='line_1_6' title="bbox 341 1027 1530 1118; baseline 0.005 -26"><span class='ocrx_word' id='word_1_34' title='bbox 341 1049 415 1092; x_wconf 91' lang='lat' dir='ltr'>cum</span> <span class='ocrx_word' id='word_1_35' title='bbox 437 1028 545 1111; x_wconf 87' lang='lat' dir='ltr'>Petro,</span> <span class='ocrx_word' id='word_1_36' title='bbox 575 1027 661 1114; x_wconf 88' lang='lat' dir='ltr'>quod</span> <span class='ocrx_word' id='word_1_37' title='bbox 692 1032 752 1093; x_wconf 81' lang='lat' dir='ltr'>nisi</span> <span class='ocrx_word' id='word_1_38' title='bbox 776 1029 908 1115; x_wconf 89' lang='lat' dir='ltr'>prelato,</span> <span class='ocrx_word' id='word_1_39' title='bbox 931 1053 1007 1118; x_wconf 87' lang='lat' dir='ltr'>ymo</span> <span class='ocrx_word' id='word_1_40' title='bbox 1031 1031 1158 1097; x_wconf 89' lang='lat' dir='ltr'>Christo</span> <span class='ocrx_word' id='word_1_41' title='bbox 1181 1035 1213 1097; x_wconf 94' lang='lat' dir='ltr'>in</span> <span class='ocrx_word' id='word_1_42' title='bbox 1237 1055 1274 1097; x_wconf 89' lang='lat' dir='ltr'>eo</span> <span class='ocrx_word' id='word_1_43' title='bbox 1297 1033 1435 1117; x_wconf 82' lang='lat' dir='ltr'>obediat,</span> <span class='ocrx_word' id='word_1_44' title='bbox 1459 1057 1530 1118; x_wconf 92' lang='lat' dir='ltr'>par·</span> 
     </span>
     <span class='ocr_line' id='line_1_7' title="bbox 341 1131 1530 1225; baseline 0.007 -28"><span class='ocrx_word' id='word_1_45' title='bbox 341 1142 406 1197; x_wconf 89' lang='lat' dir='ltr'>tem</span> <span class='ocrx_word' id='word_1_46' title='bbox 437 1153 511 1197; x_wconf 94' lang='lat' dir='ltr'>cum</span> <span class='ocrx_word' id='word_1_47' title='bbox 534 1131 661 1198; x_wconf 89' lang='lat' dir='ltr'>Christo</span> <span class='ocrx_word' id='word_1_48' title='bbox 692 1137 724 1198; x_wconf 93' lang='lat' dir='ltr'>in</span> <span class='ocrx_word' id='word_1_49' title='bbox 755 1155 855 1219; x_wconf 89' lang='lat' dir='ltr'>regno</span> <span class='ocrx_word' id='word_1_50' title='bbox 878 1134 996 1200; x_wconf 81' lang='lat' dir='ltr'>Christi</span> <span class='ocrx_word' id='word_1_51' title='bbox 1028 1147 1059 1202; x_wconf 94' lang='lat' dir='ltr'>et</span> <span class='ocrx_word' id='word_1_52' title='bbox 1089 1135 1142 1202; x_wconf 93' lang='lat' dir='ltr'>dei</span> <span class='ocrx_word' id='word_1_53' title='bbox 1171 1159 1235 1202; x_wconf 90' lang='lat' dir='ltr'>non</span> <span class='ocrx_word' id='word_1_54' title='bbox 1267 1137 1407 1223; x_wconf 89' lang='lat' dir='ltr'>habebit,</span> <span class='ocrx_word' id='word_1_55' title='bbox 1433 1162 1530 1225; x_wconf 89' lang='lat' dir='ltr'>quam</span> 
     </span>
     <span class='ocr_line' id='line_1_8' title="bbox 341 1236 1530 1329; baseline 0.008 -30"><span class='ocrx_word' id='word_1_56' title='bbox 341 1238 490 1322; x_wconf 88' lang='lat' dir='ltr'>imposita</span> <span class='ocrx_word' id='word_1_57' title='bbox 524 1236 696 1303; x_wconf 90' lang='lat' dir='ltr'>videantur</span> <span class='ocrx_word' id='word_1_58' title='bbox 729 1249 885 1303; x_wconf 83' lang='lat' dir='ltr'>extranea</span> <span class='ocrx_word' id='word_1_59' title='bbox 918 1262 980 1304; x_wconf 91' lang='lat' dir='ltr'>nec</span> <span class='ocrx_word' id='word_1_60' title='bbox 1014 1262 1154 1306; x_wconf 91' lang='lat' dir='ltr'>consona</span> <span class='ocrx_word' id='word_1_61' title='bbox 1190 1244 1319 1307; x_wconf 88' lang='lat' dir='ltr'>racioni.</span> <span class='ocrx_word' id='word_1_62' title='bbox 1364 1244 1530 1329; x_wconf 89' lang='lat' dir='ltr'>Preposito</span> 
     </span>
     <span class='ocr_line' id='line_1_9' title="bbox 340 1342 1530 1431; baseline 0.008 -28"><span class='ocrx_word' id='word_1_63' title='bbox 340 1343 438 1426; x_wconf 90' lang='lat' dir='ltr'>igitur</span> <span class='ocrx_word' id='word_1_64' title='bbox 459 1355 623 1427; x_wconf 81' lang='lat' dir='ltr'>tamquam</span> <span class='ocrx_word' id='word_1_65' title='bbox 646 1346 728 1428; x_wconf 89' lang='lat' dir='ltr'>patri</span> <span class='ocrx_word' id='word_1_66' title='bbox 751 1342 920 1409; x_wconf 83' lang='lat' dir='ltr'>obediatur</span> <span class='ocrx_word' id='word_1_67' title='bbox 943 1354 1015 1428; x_wconf 78' lang='lat' dir='ltr'>etc,</span> <span class='ocrx_word' id='word_1_68' title='bbox 1038 1356 1074 1410; x_wconf 92' lang='lat' dir='ltr'>ut</span> <span class='ocrx_word' id='word_1_69' title='bbox 1095 1349 1181 1410; x_wconf 86' lang='lat' dir='ltr'>canit</span> <span class='ocrx_word' id='word_1_70' title='bbox 1202 1346 1323 1431; x_wconf 90' lang='lat' dir='ltr'>regula.</span> <span class='ocrx_word' id='word_1_71' title='bbox 1347 1347 1420 1412; x_wconf 87' lang='lat' dir='ltr'>Non</span> <span class='ocrx_word' id='word_1_72' title='bbox 1444 1350 1530 1412; x_wconf 88' lang='lat' dir='ltr'>enim</span> 
     </span>
     <span class='ocr_line' id='line_1_10' title="bbox 342 1448 1531 1534; baseline 0.007 -24"><span class='ocrx_word' id='word_1_73' title='bbox 342 1457 392 1512; x_wconf 88' lang='lat' dir='ltr'>est</span> <span class='ocrx_word' id='word_1_74' title='bbox 420 1449 649 1513; x_wconf 87' lang='lat' dir='ltr'>monasterium</span> <span class='ocrx_word' id='word_1_75' title='bbox 678 1469 742 1512; x_wconf 93' lang='lat' dir='ltr'>non</span> <span class='ocrx_word' id='word_1_76' title='bbox 772 1448 912 1533; x_wconf 84' lang='lat' dir='ltr'>religiosi</span> <span class='ocrx_word' id='word_1_77' title='bbox 942 1471 1006 1514; x_wconf 90' lang='lat' dir='ltr'>non</span> <span class='ocrx_word' id='word_1_78' title='bbox 1036 1450 1196 1534; x_wconf 89' lang='lat' dir='ltr'>monachi,</span> <span class='ocrx_word' id='word_1_79' title='bbox 1220 1449 1274 1515; x_wconf 88' lang='lat' dir='ltr'>ubi</span> <span class='ocrx_word' id='word_1_80' title='bbox 1297 1451 1434 1517; x_wconf 88' lang='lat' dir='ltr'>subditis</span> <span class='ocrx_word' id='word_1_81' title='bbox 1458 1452 1531 1518; x_wconf 90' lang='lat' dir='ltr'>obe·</span> 
     </span>
     <span class='ocr_line' id='line_1_11' title="bbox 343 1550 1532 1643; baseline 0.005 -27"><span class='ocrx_word' id='word_1_82' title='bbox 343 1552 470 1616; x_wconf 81' lang='lat' dir='ltr'>dioneia</span> <span class='ocrx_word' id='word_1_83' title='bbox 492 1550 583 1616; x_wconf 89' lang='lat' dir='ltr'>deest</span> <span class='ocrx_word' id='word_1_84' title='bbox 607 1575 684 1638; x_wconf 87' lang='lat' dir='ltr'>erga</span> <span class='ocrx_word' id='word_1_85' title='bbox 705 1553 875 1638; x_wconf 87' lang='lat' dir='ltr'>prelatum.</span> <span class='ocrx_word' id='word_1_86' title='bbox 903 1553 1127 1619; x_wconf 89' lang='lat' dir='ltr'>Destruccioni</span> <span class='ocrx_word' id='word_1_87' title='bbox 1144 1576 1260 1642; x_wconf 89' lang='lat' dir='ltr'>corpus</span> <span class='ocrx_word' id='word_1_88' title='bbox 1276 1567 1325 1620; x_wconf 90' lang='lat' dir='ltr'>est</span> <span class='ocrx_word' id='word_1_89' title='bbox 1339 1560 1532 1643; x_wconf 86' lang='lat' dir='ltr'>expositum,</span> 
     </span>
     <span class='ocr_line' id='line_1_12' title="bbox 344 1656 1531 1746; baseline 0.004 -25"><span class='ocrx_word' id='word_1_90' title='bbox 344 1657 421 1722; x_wconf 89' lang='lat' dir='ltr'>dum</span> <span class='ocrx_word' id='word_1_91' title='bbox 445 1656 591 1721; x_wconf 90' lang='lat' dir='ltr'>membra</span> <span class='ocrx_word' id='word_1_92' title='bbox 613 1656 800 1723; x_wconf 90' lang='lat' dir='ltr'>discordant</span> <span class='ocrx_word' id='word_1_93' title='bbox 821 1680 840 1722; x_wconf 90' lang='lat' dir='ltr'>a</span> <span class='ocrx_word' id='word_1_94' title='bbox 864 1660 969 1744; x_wconf 87' lang='lat' dir='ltr'>capite</span> <span class='ocrx_word' id='word_1_95' title='bbox 992 1660 1060 1723; x_wconf 90' lang='lat' dir='ltr'>eius</span> <span class='ocrx_word' id='word_1_96' title='bbox 1083 1663 1213 1746; x_wconf 84' lang='lat' dir='ltr'>etquis</span> <span class='ocrx_word' id='word_1_97' title='bbox 1236 1663 1348 1726; x_wconf 89' lang='lat' dir='ltr'>vicarii</span> <span class='ocrx_word' id='word_1_98' title='bbox 1367 1662 1469 1726; x_wconf 92' lang='lat' dir='ltr'>honor</span> <span class='ocrx_word' id='word_1_99' title='bbox 1484 1685 1531 1727; x_wconf 81' lang='lat' dir='ltr'>re</span> 
     </span>
     <span class='ocr_line' id='line_1_13' title="bbox 345 1761 1531 1853; baseline 0.005 -27"><span class='ocrx_word' id='word_1_100' title='bbox 345 1761 470 1826; x_wconf 90' lang='lat' dir='ltr'>dundat</span> <span class='ocrx_word' id='word_1_101' title='bbox 491 1764 524 1826; x_wconf 89' lang='lat' dir='ltr'>in</span> <span class='ocrx_word' id='word_1_102' title='bbox 549 1762 655 1846; x_wconf 91' lang='lat' dir='ltr'>deum,</span> <span class='ocrx_word' id='word_1_103' title='bbox 679 1762 825 1828; x_wconf 89' lang='lat' dir='ltr'>volumus</span> <span class='ocrx_word' id='word_1_104' title='bbox 848 1771 880 1827; x_wconf 91' lang='lat' dir='ltr'>et</span> <span class='ocrx_word' id='word_1_105' title='bbox 895 1762 1089 1846; x_wconf 88' lang='lat' dir='ltr'>ordinamus,</span> <span class='ocrx_word' id='word_1_106' title='bbox 1114 1775 1149 1828; x_wconf 92' lang='lat' dir='ltr'>ut</span> <span class='ocrx_word' id='word_1_107' title='bbox 1163 1766 1295 1851; x_wconf 90' lang='lat' dir='ltr'>prelato,</span> <span class='ocrx_word' id='word_1_108' title='bbox 1320 1771 1375 1853; x_wconf 91' lang='lat' dir='ltr'>qui</span> <span class='ocrx_word' id='word_1_109' title='bbox 1389 1770 1531 1832; x_wconf 88' lang='lat' dir='ltr'>vicarius</span> 
     </span>
     <span class='ocr_line' id='line_1_14' title="bbox 344 1866 1531 1957; baseline 0.005 -26"><span class='ocrx_word' id='word_1_110' title='bbox 344 1876 393 1931; x_wconf 91' lang='lat' dir='ltr'>est</span> <span class='ocrx_word' id='word_1_111' title='bbox 415 1866 542 1948; x_wconf 81' lang='lat' dir='ltr'>Christi,</span> <span class='ocrx_word' id='word_1_112' title='bbox 573 1869 605 1930; x_wconf 93' lang='lat' dir='ltr'>in</span> <span class='ocrx_word' id='word_1_113' title='bbox 636 1870 721 1931; x_wconf 91' lang='lat' dir='ltr'>omni</span> <span class='ocrx_word' id='word_1_114' title='bbox 750 1866 820 1931; x_wconf 90' lang='lat' dir='ltr'>loco</span> <span class='ocrx_word' id='word_1_115' title='bbox 843 1876 876 1932; x_wconf 90' lang='lat' dir='ltr'>et</span> <span class='ocrx_word' id='word_1_116' title='bbox 898 1868 940 1932; x_wconf 88' lang='lat' dir='ltr'>ab</span> <span class='ocrx_word' id='word_1_117' title='bbox 963 1867 1111 1933; x_wconf 89' lang='lat' dir='ltr'>omnibus</span> <span class='ocrx_word' id='word_1_118' title='bbox 1134 1869 1313 1955; x_wconf 90' lang='lat' dir='ltr'>singularis,</span> <span class='ocrx_word' id='word_1_119' title='bbox 1337 1881 1372 1936; x_wconf 89' lang='lat' dir='ltr'>ut</span> <span class='ocrx_word' id='word_1_120' title='bbox 1395 1871 1531 1957; x_wconf 88' lang='lat' dir='ltr'>dignum</span> 
     </span>
    </p>
   </div>
   <div class='ocr_carea' id='block_1_4' title="bbox 236 1970 1532 2058">
    <p class='ocr_par' dir='ltr' id='par_1_4' title="bbox 236 1970 1532 2058">
     <span class='ocr_line' id='line_1_15' title="bbox 236 1970 1532 2058; baseline 0.004 -22"><span class='ocrx_word' id='word_1_121' title='bbox 236 2017 238 2020; x_wconf 53' lang='lat'>&gt;</span> <span class='ocrx_word' id='word_1_122' title='bbox 344 1980 401 2055; x_wconf 90' lang='lat' dir='ltr'>est,</span> <span class='ocrx_word' id='word_1_123' title='bbox 436 1972 625 2035; x_wconf 87' lang='lat' dir='ltr'>reverencia</span> <span class='ocrx_word' id='word_1_124' title='bbox 659 1970 824 2036; x_wconf 88' lang='lat' dir='ltr'>deferatur</span> <span class='ocrx_word' id='word_1_125' title='bbox 855 1974 900 2036; x_wconf 87' lang='lat' dir='ltr'>ita</span> <span class='ocrx_word' id='word_1_126' title='bbox 933 1972 1094 2055; x_wconf 84' lang='lat' dir='ltr'>videlicet,</span> <span class='ocrx_word' id='word_1_127' title='bbox 1130 1974 1216 2058; x_wconf 92' lang='lat' dir='ltr'>quod</span> <span class='ocrx_word' id='word_1_128' title='bbox 1249 1976 1276 2037; x_wconf 91' lang='lat' dir='ltr'>si</span> <span class='ocrx_word' id='word_1_129' title='bbox 1310 1974 1464 2040; x_wconf 87' lang='lat' dir='ltr'>fratribus</span> <span class='ocrx_word' id='word_1_130' title='bbox 1497 1979 1532 2041; x_wconf 94' lang='lat' dir='ltr'>in</span> 
     </span>
    </p>
   </div>
   <div class='ocr_carea' id='block_1_5' title="bbox 345 2075 1539 4573">
    <p class='ocr_par' dir='ltr' id='par_1_5' title="bbox 345 2075 1537 3420">
     <span class='ocr_line' id='line_1_16' title="bbox 345 2075 1534 2164; baseline 0.006 -25"><span class='ocrx_word' id='word_1_131' title='bbox 345 2075 442 2141; x_wconf 92' lang='lat' dir='ltr'>choro</span> <span class='ocrx_word' id='word_1_132' title='bbox 473 2075 525 2140; x_wconf 88' lang='lat' dir='ltr'>vel</span> <span class='ocrx_word' id='word_1_133' title='bbox 553 2077 586 2139; x_wconf 93' lang='lat' dir='ltr'>in</span> <span class='ocrx_word' id='word_1_134' title='bbox 616 2097 728 2141; x_wconf 89' lang='lat' dir='ltr'>mensa</span> <span class='ocrx_word' id='word_1_135' title='bbox 757 2076 972 2142; x_wconf 89' lang='lat' dir='ltr'>residentibus</span> <span class='ocrx_word' id='word_1_136' title='bbox 1001 2077 1143 2163; x_wconf 86' lang='lat' dir='ltr'>prelatus</span> <span class='ocrx_word' id='word_1_137' title='bbox 1171 2083 1398 2164; x_wconf 89' lang='lat' dir='ltr'>pertransierit,</span> <span class='ocrx_word' id='word_1_138' title='bbox 1422 2103 1534 2146; x_wconf 89' lang='lat' dir='ltr'>omnes</span> 
     </span>
     <span class='ocr_line' id='line_1_17' title="bbox 345 2179 1533 2268; baseline 0.006 -24"><span class='ocrx_word' id='word_1_139' title='bbox 345 2182 374 2244; x_wconf 92' lang='lat' dir='ltr'>ei</span> <span class='ocrx_word' id='word_1_140' title='bbox 397 2179 548 2244; x_wconf 89' lang='lat' dir='ltr'>sedentes</span> <span class='ocrx_word' id='word_1_141' title='bbox 568 2179 729 2264; x_wconf 78' lang='lat' dir='ltr'>inclinent,</span> <span class='ocrx_word' id='word_1_142' title='bbox 753 2183 813 2246; x_wconf 91' lang='lat' dir='ltr'>nisi</span> <span class='ocrx_word' id='word_1_143' title='bbox 835 2181 975 2268; x_wconf 89' lang='lat' dir='ltr'>aliquam</span> <span class='ocrx_word' id='word_1_144' title='bbox 998 2204 1166 2268; x_wconf 91' lang='lat' dir='ltr'>personam</span> <span class='ocrx_word' id='word_1_145' title='bbox 1189 2183 1403 2249; x_wconf 86' lang='lat' dir='ltr'>reverendam</span> <span class='ocrx_word' id='word_1_146' title='bbox 1422 2207 1533 2251; x_wconf 89' lang='lat' dir='ltr'>secum</span> 
     </span>
     <span class='ocr_line' id='line_1_18' title="bbox 345 2285 1535 2373; baseline 0.004 -23"><span class='ocrx_word' id='word_1_147' title='bbox 345 2285 453 2370; x_wconf 89' lang='lat' dir='ltr'>ducat,</span> <span class='ocrx_word' id='word_1_148' title='bbox 484 2296 560 2351; x_wconf 90' lang='lat' dir='ltr'>tunc</span> <span class='ocrx_word' id='word_1_149' title='bbox 590 2288 676 2350; x_wconf 89' lang='lat' dir='ltr'>enim</span> <span class='ocrx_word' id='word_1_150' title='bbox 705 2288 808 2351; x_wconf 88' lang='lat' dir='ltr'>eciam</span> <span class='ocrx_word' id='word_1_151' title='bbox 840 2309 1011 2373; x_wconf 86' lang='lat' dir='ltr'>assurgere</span> <span class='ocrx_word' id='word_1_152' title='bbox 1042 2286 1170 2352; x_wconf 89' lang='lat' dir='ltr'>debent.</span> <span class='ocrx_word' id='word_1_153' title='bbox 1216 2287 1306 2353; x_wconf 88' lang='lat' dir='ltr'>Alias</span> <span class='ocrx_word' id='word_1_154' title='bbox 1336 2300 1444 2354; x_wconf 85' lang='lat' dir='ltr'>autem</span> <span class='ocrx_word' id='word_1_155' title='bbox 1466 2290 1535 2355; x_wconf 89' lang='lat' dir='ltr'>ubi-</span> 
     </span>
     <span class='ocr_line' id='line_1_19' title="bbox 347 2389 1536 2480; baseline 0.003 -25"><span class='ocrx_word' id='word_1_156' title='bbox 347 2411 485 2476; x_wconf 83' lang='lat' dir='ltr'>cumque</span> <span class='ocrx_word' id='word_1_157' title='bbox 512 2390 628 2455; x_wconf 86' lang='lat' dir='ltr'>fratres</span> <span class='ocrx_word' id='word_1_158' title='bbox 656 2389 807 2474; x_wconf 88' lang='lat' dir='ltr'>sederint,</span> <span class='ocrx_word' id='word_1_159' title='bbox 831 2391 953 2477; x_wconf 87' lang='lat' dir='ltr'>prelato</span> <span class='ocrx_word' id='word_1_160' title='bbox 976 2393 1125 2457; x_wconf 88' lang='lat' dir='ltr'>veniente</span> <span class='ocrx_word' id='word_1_161' title='bbox 1148 2402 1321 2478; x_wconf 85' lang='lat' dir='ltr'>assurgant</span> <span class='ocrx_word' id='word_1_162' title='bbox 1342 2392 1467 2480; x_wconf 88' lang='lat' dir='ltr'>sibique</span> <span class='ocrx_word' id='word_1_163' title='bbox 1489 2396 1536 2459; x_wconf 93' lang='lat' dir='ltr'>in·</span> 
     </span>
     <span class='ocr_line' id='line_1_20' title="bbox 347 2495 1533 2584; baseline 0.004 -25"><span class='ocrx_word' id='word_1_164' title='bbox 347 2495 466 2560; x_wconf 91' lang='lat' dir='ltr'>clinent</span> <span class='ocrx_word' id='word_1_165' title='bbox 487 2517 527 2559; x_wconf 91' lang='lat' dir='ltr'>ac</span> <span class='ocrx_word' id='word_1_166' title='bbox 550 2516 716 2581; x_wconf 86' lang='lat' dir='ltr'>quousque</span> <span class='ocrx_word' id='word_1_167' title='bbox 739 2495 859 2561; x_wconf 87' lang='lat' dir='ltr'>sederit</span> <span class='ocrx_word' id='word_1_168' title='bbox 880 2495 933 2560; x_wconf 89' lang='lat' dir='ltr'>vel</span> <span class='ocrx_word' id='word_1_169' title='bbox 955 2499 1185 2582; x_wconf 81' lang='lat' dir='ltr'>pertransierit,</span> <span class='ocrx_word' id='word_1_170' title='bbox 1208 2506 1329 2563; x_wconf 84' lang='lat' dir='ltr'>stantes</span> <span class='ocrx_word' id='word_1_171' title='bbox 1352 2500 1533 2584; x_wconf 85' lang='lat' dir='ltr'>persistant.</span> 
     </span>
     <span class='ocr_line' id='line_1_21' title="bbox 346 2599 1534 2687; baseline 0 -20"><span class='ocrx_word' id='word_1_172' title='bbox 346 2600 468 2667; x_wconf 90' lang='lat' dir='ltr'>Omnes</span> <span class='ocrx_word' id='word_1_173' title='bbox 500 2602 604 2664; x_wconf 89' lang='lat' dir='ltr'>eciam</span> <span class='ocrx_word' id='word_1_174' title='bbox 632 2600 793 2686; x_wconf 91' lang='lat' dir='ltr'>inclinent,</span> <span class='ocrx_word' id='word_1_175' title='bbox 826 2623 900 2666; x_wconf 91' lang='lat' dir='ltr'>cum</span> <span class='ocrx_word' id='word_1_176' title='bbox 922 2599 1064 2687; x_wconf 88' lang='lat' dir='ltr'>prelatus</span> <span class='ocrx_word' id='word_1_177' title='bbox 1086 2600 1226 2687; x_wconf 88' lang='lat' dir='ltr'>aliquam</span> <span class='ocrx_word' id='word_1_178' title='bbox 1249 2605 1442 2687; x_wconf 85' lang='lat' dir='ltr'>oracionem,</span> <span class='ocrx_word' id='word_1_179' title='bbox 1467 2626 1534 2667; x_wconf 90' lang='lat' dir='ltr'>cor-</span> 
     </span>
     <span class='ocr_line' id='line_1_22' title="bbox 346 2704 1531 2794; baseline 0.001 -23"><span class='ocrx_word' id='word_1_180' title='bbox 346 2707 526 2771; x_wconf 89' lang='lat' dir='ltr'>reccionem</span> <span class='ocrx_word' id='word_1_181' title='bbox 559 2707 741 2770; x_wconf 85' lang='lat' dir='ltr'>iniunxerit.</span> <span class='ocrx_word' id='word_1_182' title='bbox 788 2704 939 2770; x_wconf 86' lang='lat' dir='ltr'>Similiter</span> <span class='ocrx_word' id='word_1_183' title='bbox 972 2706 1092 2771; x_wconf 88' lang='lat' dir='ltr'>faciant</span> <span class='ocrx_word' id='word_1_184' title='bbox 1128 2707 1254 2791; x_wconf 92' lang='lat' dir='ltr'>singuli,</span> <span class='ocrx_word' id='word_1_185' title='bbox 1292 2729 1372 2793; x_wconf 89' lang='lat' dir='ltr'>quos</span> <span class='ocrx_word' id='word_1_186' title='bbox 1409 2707 1531 2794; x_wconf 88' lang='lat' dir='ltr'>ahquid</span> 
     </span>
     <span class='ocr_line' id='line_1_23' title="bbox 346 2809 1537 2898; baseline 0.002 -23"><span class='ocrx_word' id='word_1_187' title='bbox 346 2812 456 2875; x_wconf 85' lang='lat' dir='ltr'>facere</span> <span class='ocrx_word' id='word_1_188' title='bbox 479 2809 531 2874; x_wconf 89' lang='lat' dir='ltr'>vel</span> <span class='ocrx_word' id='word_1_189' title='bbox 555 2809 663 2874; x_wconf 91' lang='lat' dir='ltr'>dicere</span> <span class='ocrx_word' id='word_1_190' title='bbox 685 2813 821 2875; x_wconf 88' lang='lat' dir='ltr'>iusserit.</span> <span class='ocrx_word' id='word_1_191' title='bbox 846 2809 1030 2876; x_wconf 86' lang='lat' dir='ltr'>Observsnt</span> <span class='ocrx_word' id='word_1_192' title='bbox 1051 2810 1191 2898; x_wconf 87' lang='lat' dir='ltr'>denique</span> <span class='ocrx_word' id='word_1_193' title='bbox 1214 2834 1335 2893; x_wconf 90' lang='lat' dir='ltr'>omnes,</span> <span class='ocrx_word' id='word_1_194' title='bbox 1365 2821 1401 2877; x_wconf 90' lang='lat' dir='ltr'>ut</span> <span class='ocrx_word' id='word_1_195' title='bbox 1427 2834 1537 2877; x_wconf 89' lang='lat' dir='ltr'>coram</span> 
     </span>
     <span class='ocr_line' id='line_1_24' title="bbox 346 2912 1536 3003; baseline 0.001 -23"><span class='ocrx_word' id='word_1_196' title='bbox 346 2937 384 2980; x_wconf 89' lang='lat' dir='ltr'>eo</span> <span class='ocrx_word' id='word_1_197' title='bbox 407 2917 440 2980; x_wconf 90' lang='lat' dir='ltr'>in</span> <span class='ocrx_word' id='word_1_198' title='bbox 462 2916 548 2979; x_wconf 92' lang='lat' dir='ltr'>omni</span> <span class='ocrx_word' id='word_1_199' title='bbox 569 2912 682 2979; x_wconf 89' lang='lat' dir='ltr'>habitu</span> <span class='ocrx_word' id='word_1_200' title='bbox 703 2936 760 2979; x_wconf 89' lang='lat' dir='ltr'>suo</span> <span class='ocrx_word' id='word_1_201' title='bbox 784 2914 984 3001; x_wconf 86' lang='lat' dir='ltr'>disciplinate</span> <span class='ocrx_word' id='word_1_202' title='bbox 1007 2936 1041 2979; x_wconf 91' lang='lat' dir='ltr'>se</span> <span class='ocrx_word' id='word_1_203' title='bbox 1065 2915 1205 2981; x_wconf 90' lang='lat' dir='ltr'>habeant</span> <span class='ocrx_word' id='word_1_204' title='bbox 1227 2938 1288 2980; x_wconf 92' lang='lat' dir='ltr'>nec</span> <span class='ocrx_word' id='word_1_205' title='bbox 1310 2938 1474 3003; x_wconf 91' lang='lat' dir='ltr'>nunquam</span> <span class='ocrx_word' id='word_1_206' title='bbox 1502 2918 1536 2981; x_wconf 91' lang='lat' dir='ltr'>in</span> 
     </span>
     <span class='ocr_line' id='line_1_25' title="bbox 346 3018 1537 3107; baseline 0.002 -22"><span class='ocrx_word' id='word_1_207' title='bbox 346 3019 424 3085; x_wconf 77' lang='lat' dir='ltr'>cusb</span> <span class='ocrx_word' id='word_1_208' title='bbox 452 3020 620 3106; x_wconf 81' lang='lat' dir='ltr'>presencia</span> <span class='ocrx_word' id='word_1_209' title='bbox 642 3018 745 3083; x_wconf 87' lang='lat' dir='ltr'>verba</span> <span class='ocrx_word' id='word_1_210' title='bbox 768 3029 879 3084; x_wconf 88' lang='lat' dir='ltr'>contra</span> <span class='ocrx_word' id='word_1_211' title='bbox 903 3018 1090 3085; x_wconf 86' lang='lat' dir='ltr'>modestiam</span> <span class='ocrx_word' id='word_1_212' title='bbox 1113 3031 1145 3086; x_wconf 90' lang='lat' dir='ltr'>et</span> <span class='ocrx_word' id='word_1_213' title='bbox 1168 3019 1370 3107; x_wconf 89' lang='lat' dir='ltr'>disciplinam</span> <span class='ocrx_word' id='word_1_214' title='bbox 1392 3021 1537 3107; x_wconf 89' lang='lat' dir='ltr'>proferre</span> 
     </span>
     <span class='ocr_line' id='line_1_26' title="bbox 345 3123 1535 3211; baseline 0.001 -23"><span class='ocrx_word' id='word_1_215' title='bbox 345 3133 542 3211; x_wconf 90' lang='lat' dir='ltr'>presumant.</span> <span class='ocrx_word' id='word_1_216' title='bbox 573 3123 608 3189; x_wconf 87' lang='lat' dir='ltr'>si</span> <span class='ocrx_word' id='word_1_217' title='bbox 630 3126 702 3209; x_wconf 89' lang='lat' dir='ltr'>quis</span> <span class='ocrx_word' id='word_1_218' title='bbox 724 3126 827 3188; x_wconf 89' lang='lat' dir='ltr'>eciam</span> <span class='ocrx_word' id='word_1_219' title='bbox 848 3126 880 3187; x_wconf 92' lang='lat' dir='ltr'>in</span> <span class='ocrx_word' id='word_1_220' title='bbox 904 3127 972 3188; x_wconf 90' lang='lat' dir='ltr'>eius</span> <span class='ocrx_word' id='word_1_221' title='bbox 994 3127 1164 3209; x_wconf 87' lang='lat' dir='ltr'>presencia</span> <span class='ocrx_word' id='word_1_222' title='bbox 1186 3125 1318 3190; x_wconf 91' lang='lat' dir='ltr'>chorum</span> <span class='ocrx_word' id='word_1_223' title='bbox 1340 3128 1461 3190; x_wconf 85' lang='lat' dir='ltr'>intrare</span> <span class='ocrx_word' id='word_1_224' title='bbox 1483 3124 1535 3189; x_wconf 89' lang='lat' dir='ltr'>vel</span> 
     </span>
     <span class='ocr_line' id='line_1_27' title="bbox 347 3228 1533 3314; baseline -0.001 -19"><span class='ocrx_word' id='word_1_225' title='bbox 347 3231 437 3295; x_wconf 83' lang='lat' dir='ltr'>exire</span> <span class='ocrx_word' id='word_1_226' title='bbox 460 3229 606 3313; x_wconf 83' lang='lat' dir='ltr'>voluerit,</span> <span class='ocrx_word' id='word_1_227' title='bbox 630 3228 691 3293; x_wconf 90' lang='lat' dir='ltr'>sibi</span> <span class='ocrx_word' id='word_1_228' title='bbox 712 3240 900 3294; x_wconf 88' lang='lat' dir='ltr'>reverenter</span> <span class='ocrx_word' id='word_1_229' title='bbox 921 3229 1062 3314; x_wconf 88' lang='lat' dir='ltr'>inchnct,</span> <span class='ocrx_word' id='word_1_230' title='bbox 1085 3239 1121 3295; x_wconf 90' lang='lat' dir='ltr'>ut</span> <span class='ocrx_word' id='word_1_231' title='bbox 1142 3229 1253 3314; x_wconf 87' lang='lat' dir='ltr'>regule</span> <span class='ocrx_word' id='word_1_232' title='bbox 1277 3228 1464 3295; x_wconf 85' lang='lat' dir='ltr'>mandatum</span> <span class='ocrx_word' id='word_1_233' title='bbox 1479 3233 1533 3294; x_wconf 87' lang='lat' dir='ltr'>im·</span> 
     </span>
     <span class='ocr_line' id='line_1_28' title="bbox 346 3332 1228 3420; baseline 0 -22"><span class='ocrx_word' id='word_1_234' title='bbox 346 3332 487 3420; x_wconf 81' lang='lat' dir='ltr'>pleatur3</span> <span class='ocrx_word' id='word_1_235' title='bbox 511 3333 630 3398; x_wconf 91' lang='lat' dir='ltr'>honore</span> <span class='ocrx_word' id='word_1_236' title='bbox 654 3355 762 3398; x_wconf 88' lang='lat' dir='ltr'>coram</span> <span class='ocrx_word' id='word_1_237' title='bbox 785 3334 877 3398; x_wconf 88' lang='lat' dir='ltr'>vobis</span> <span class='ocrx_word' id='word_1_238' title='bbox 900 3333 1042 3419; x_wconf 87' lang='lat' dir='ltr'>prelatus</span> <span class='ocrx_word' id='word_1_239' title='bbox 1066 3337 1106 3399; x_wconf 87' lang='lat' dir='ltr'>sit</span> <span class='ocrx_word' id='word_1_240' title='bbox 1128 3334 1228 3399; x_wconf 86' lang='lat' dir='ltr'>vobis.</span> 
     </span>
    </p>

    <p class='ocr_par' dir='ltr' id='par_1_6' title="bbox 347 3436 1539 4573">
     <span class='ocr_line' id='line_1_29' title="bbox 450 3436 1536 3525; baseline -0.001 -22"><span class='ocrx_word' id='word_1_241' title='bbox 450 3438 589 3525; x_wconf 90' lang='lat' dir='ltr'>Insuper</span> <span class='ocrx_word' id='word_1_242' title='bbox 620 3437 762 3503; x_wconf 88' lang='lat' dir='ltr'>districte</span> <span class='ocrx_word' id='word_1_243' title='bbox 791 3436 1008 3523; x_wconf 90' lang='lat' dir='ltr'>prohibemus,</span> <span class='ocrx_word' id='word_1_244' title='bbox 1040 3449 1076 3504; x_wconf 89' lang='lat' dir='ltr'>ut</span> <span class='ocrx_word' id='word_1_245' title='bbox 1102 3438 1207 3502; x_wconf 91' lang='lat' dir='ltr'>nullus</span> <span class='ocrx_word' id='word_1_246' title='bbox 1229 3437 1460 3524; x_wconf 90' lang='lat' dir='ltr'>presidentium</span> <span class='ocrx_word' id='word_1_247' title='bbox 1482 3437 1536 3502; x_wconf 89' lang='lat' dir='ltr'>ali·</span> 
     </span>
     <span class='ocr_line' id='line_1_30' title="bbox 348 3541 1535 3630; baseline -0.002 -22"><span class='ocrx_word' id='word_1_248' title='bbox 348 3566 444 3630; x_wconf 91' lang='lat' dir='ltr'>quem</span> <span class='ocrx_word' id='word_1_249' title='bbox 474 3542 515 3607; x_wconf 90' lang='lat' dir='ltr'>de</span> <span class='ocrx_word' id='word_1_250' title='bbox 545 3542 698 3608; x_wconf 87' lang='lat' dir='ltr'>fratribus</span> <span class='ocrx_word' id='word_1_251' title='bbox 729 3541 829 3605; x_wconf 88' lang='lat' dir='ltr'>verbo</span> <span class='ocrx_word' id='word_1_252' title='bbox 852 3541 904 3606; x_wconf 89' lang='lat' dir='ltr'>vel</span> <span class='ocrx_word' id='word_1_253' title='bbox 927 3543 1012 3607; x_wconf 86' lang='lat' dir='ltr'>facto</span> <span class='ocrx_word' id='word_1_254' title='bbox 1035 3542 1204 3607; x_wconf 84' lang='lat' dir='ltr'>molestare</span> <span class='ocrx_word' id='word_1_255' title='bbox 1227 3541 1346 3607; x_wconf 89' lang='lat' dir='ltr'>audeat</span> <span class='ocrx_word' id='word_1_256' title='bbox 1368 3563 1465 3626; x_wconf 89' lang='lat' dir='ltr'>super</span> <span class='ocrx_word' id='word_1_257' title='bbox 1487 3565 1535 3626; x_wconf 91' lang='lat' dir='ltr'>eo,</span> 
     </span>
     <span class='ocr_line' id='line_1_31' title="bbox 348 3646 1537 3735; baseline -0.003 -22"><span class='ocrx_word' id='word_1_258' title='bbox 348 3647 435 3735; x_wconf 91' lang='lat' dir='ltr'>quod</span> <span class='ocrx_word' id='word_1_259' title='bbox 465 3648 573 3712; x_wconf 87' lang='lat' dir='ltr'>forsan</span> <span class='ocrx_word' id='word_1_260' title='bbox 603 3649 636 3712; x_wconf 93' lang='lat' dir='ltr'>in</span> <span class='ocrx_word' id='word_1_261' title='bbox 666 3649 852 3711; x_wconf 80' lang='lat' dir='ltr'>visitacione</span> <span class='ocrx_word' id='word_1_262' title='bbox 875 3646 996 3733; x_wconf 82' lang='lat' dir='ltr'>aliquid</span> <span class='ocrx_word' id='word_1_263' title='bbox 1020 3646 1060 3711; x_wconf 90' lang='lat' dir='ltr'>de</span> <span class='ocrx_word' id='word_1_264' title='bbox 1083 3649 1152 3732; x_wconf 88' lang='lat' dir='ltr'>ipso</span> <span class='ocrx_word' id='word_1_265' title='bbox 1175 3646 1227 3711; x_wconf 89' lang='lat' dir='ltr'>vel</span> <span class='ocrx_word' id='word_1_266' title='bbox 1250 3668 1453 3734; x_wconf 88' lang='lat' dir='ltr'>quocumque</span> <span class='ocrx_word' id='word_1_267' title='bbox 1475 3646 1537 3711; x_wconf 88' lang='lat' dir='ltr'>alio</span> 
     </span>
     <span class='ocr_line' id='line_1_32' title="bbox 347 3751 1536 3838; baseline -0.003 -20"><span class='ocrx_word' id='word_1_268' title='bbox 347 3757 380 3819; x_wconf 92' lang='lat' dir='ltr'>in</span> <span class='ocrx_word' id='word_1_269' title='bbox 411 3752 554 3838; x_wconf 89' lang='lat' dir='ltr'>generah</span> <span class='ocrx_word' id='word_1_270' title='bbox 577 3752 629 3817; x_wconf 90' lang='lat' dir='ltr'>vel</span> <span class='ocrx_word' id='word_1_271' title='bbox 652 3751 784 3838; x_wconf 89' lang='lat' dir='ltr'>speciali</span> <span class='ocrx_word' id='word_1_272' title='bbox 807 3752 996 3838; x_wconf 86' lang='lat' dir='ltr'>patefecerit</span> <span class='ocrx_word' id='word_1_273' title='bbox 1016 3774 1078 3816; x_wconf 91' lang='lat' dir='ltr'>nec</span> <span class='ocrx_word' id='word_1_274' title='bbox 1100 3751 1198 3816; x_wconf 88' lang='lat' dir='ltr'>frater</span> <span class='ocrx_word' id='word_1_275' title='bbox 1220 3751 1317 3816; x_wconf 83' lang='lat' dir='ltr'>alium</span> <span class='ocrx_word' id='word_1_276' title='bbox 1339 3751 1471 3815; x_wconf 84' lang='lat' dir='ltr'>fratrem</span> <span class='ocrx_word' id='word_1_277' title='bbox 1494 3773 1536 3815; x_wconf 84' lang='lat' dir='ltr'>ex</span> 
     </span>
     <span class='ocr_line' id='line_1_33' title="bbox 348 3855 1537 3943; baseline -0.003 -20"><span class='ocrx_word' id='word_1_278' title='bbox 348 3857 441 3923; x_wconf 90' lang='lat' dir='ltr'>simili</span> <span class='ocrx_word' id='word_1_279' title='bbox 474 3859 593 3922; x_wconf 89' lang='lat' dir='ltr'>motivo</span> <span class='ocrx_word' id='word_1_280' title='bbox 626 3855 722 3941; x_wconf 89' lang='lat' dir='ltr'>ledat,</span> <span class='ocrx_word' id='word_1_281' title='bbox 757 3855 896 3943; x_wconf 92' lang='lat' dir='ltr'>alioquin</span> <span class='ocrx_word' id='word_1_282' title='bbox 930 3878 1048 3943; x_wconf 89' lang='lat' dir='ltr'>penam</span> <span class='ocrx_word' id='word_1_283' title='bbox 1082 3866 1170 3921; x_wconf 85' lang='lat' dir='ltr'>carte</span> <span class='ocrx_word' id='word_1_284' title='bbox 1199 3856 1394 3920; x_wconf 83' lang='lat' dir='ltr'>visitacionis</span> <span class='ocrx_word' id='word_1_285' title='bbox 1424 3856 1537 3941; x_wconf 87' lang='lat' dir='ltr'>prioris</span> 
     </span>
     <span class='ocr_line' id='line_1_34' title="bbox 348 3959 1537 4047; baseline -0.003 -20"><span class='ocrx_word' id='word_1_286' title='bbox 348 3964 538 4028; x_wconf 88' lang='lat' dir='ltr'>auctoritate</span> <span class='ocrx_word' id='word_1_287' title='bbox 566 3960 826 4026; x_wconf 86' lang='lat' dir='ltr'>reverendissimi</span> <span class='ocrx_word' id='word_1_288' title='bbox 852 3965 885 4025; x_wconf 94' lang='lat' dir='ltr'>in</span> <span class='ocrx_word' id='word_1_289' title='bbox 907 3960 1034 4026; x_wconf 89' lang='lat' dir='ltr'>Christo</span> <span class='ocrx_word' id='word_1_290' title='bbox 1058 3963 1156 4047; x_wconf 88' lang='lat' dir='ltr'>patris</span> <span class='ocrx_word' id='word_1_291' title='bbox 1180 3970 1212 4026; x_wconf 90' lang='lat' dir='ltr'>ct</span> <span class='ocrx_word' id='word_1_292' title='bbox 1235 3959 1363 4044; x_wconf 88' lang='lat' dir='ltr'>domini,</span> <span class='ocrx_word' id='word_1_293' title='bbox 1387 3960 1537 4044; x_wconf 79' lang='lat' dir='ltr'>domini,⁰</span> 
     </span>
     <span class='ocr_line' id='line_1_35' title="bbox 349 4063 1538 4154; baseline -0.003 -22"><span class='ocrx_word' id='word_1_294' title='bbox 349 4090 446 4154; x_wconf 88' lang='lat' dir='ltr'>quam</span> <span class='ocrx_word' id='word_1_295' title='bbox 479 4066 608 4153; x_wconf 91' lang='lat' dir='ltr'>quidem</span> <span class='ocrx_word' id='word_1_296' title='bbox 640 4076 762 4131; x_wconf 87' lang='lat' dir='ltr'>cartam</span> <span class='ocrx_word' id='word_1_297' title='bbox 785 4066 925 4153; x_wconf 88' lang='lat' dir='ltr'>prelatus</span> <span class='ocrx_word' id='word_1_298' title='bbox 948 4068 1016 4152; x_wconf 88' lang='lat' dir='ltr'>ipse</span> <span class='ocrx_word' id='word_1_299' title='bbox 1041 4075 1072 4130; x_wconf 89' lang='lat' dir='ltr'>et</span> <span class='ocrx_word' id='word_1_300' title='bbox 1094 4087 1205 4130; x_wconf 91' lang='lat' dir='ltr'>omnes</span> <span class='ocrx_word' id='word_1_301' title='bbox 1228 4075 1259 4130; x_wconf 88' lang='lat' dir='ltr'>et</span> <span class='ocrx_word' id='word_1_302' title='bbox 1283 4064 1400 4149; x_wconf 91' lang='lat' dir='ltr'>singuli</span> <span class='ocrx_word' id='word_1_303' title='bbox 1421 4063 1538 4129; x_wconf 87' lang='lat' dir='ltr'>fratres</span> 
     </span>
     <span class='ocr_line' id='line_1_36' title="bbox 349 4168 1538 4257; baseline -0.004 -20"><span class='ocrx_word' id='word_1_304' title='bbox 349 4173 397 4237; x_wconf 89' lang='lat' dir='ltr'>sui</span> <span class='ocrx_word' id='word_1_305' title='bbox 422 4170 542 4236; x_wconf 91' lang='lat' dir='ltr'>debent</span> <span class='ocrx_word' id='word_1_306' title='bbox 563 4174 595 4236; x_wconf 95' lang='lat' dir='ltr'>in</span> <span class='ocrx_word' id='word_1_307' title='bbox 619 4171 751 4256; x_wconf 89' lang='lat' dir='ltr'>singulis</span> <span class='ocrx_word' id='word_1_308' title='bbox 774 4174 839 4236; x_wconf 89' lang='lat' dir='ltr'>suis</span> <span class='ocrx_word' id='word_1_309' title='bbox 861 4174 988 4257; x_wconf 89' lang='lat' dir='ltr'>punctis</span> <span class='ocrx_word' id='word_1_310' title='bbox 1012 4180 1044 4236; x_wconf 89' lang='lat' dir='ltr'>et</span> <span class='ocrx_word' id='word_1_311' title='bbox 1065 4169 1207 4235; x_wconf 87' lang='lat' dir='ltr'>articulis</span> <span class='ocrx_word' id='word_1_312' title='bbox 1228 4168 1399 4253; x_wconf 87' lang='lat' dir='ltr'>diligenter</span> <span class='ocrx_word' id='word_1_313' title='bbox 1414 4179 1447 4232; x_wconf 92' lang='lat' dir='ltr'>et</span> <span class='ocrx_word' id='word_1_314' title='bbox 1461 4168 1538 4233; x_wconf 90' lang='lat' dir='ltr'>fide·</span> 
     </span>
     <span class='ocr_line' id='line_1_37' title="bbox 349 4271 1539 4342; baseline -0.004 0"><span class='ocrx_word' id='word_1_315' title='bbox 349 4277 421 4342; x_wconf 89' lang='lat' dir='ltr'>liter</span> <span class='ocrx_word' id='word_1_316' title='bbox 442 4275 624 4341; x_wconf 89' lang='lat' dir='ltr'>observare.</span> <span class='ocrx_word' id='word_1_317' title='bbox 663 4276 805 4340; x_wconf 85' lang='lat' dir='ltr'>Domum</span> <span class='ocrx_word' id='word_1_318' title='bbox 827 4275 991 4340; x_wconf 89' lang='lat' dir='ltr'>hortamur</span> <span class='ocrx_word' id='word_1_319' title='bbox 1014 4286 1046 4341; x_wconf 90' lang='lat' dir='ltr'>et</span> <span class='ocrx_word' id='word_1_320' title='bbox 1068 4277 1099 4339; x_wconf 93' lang='lat' dir='ltr'>in</span> <span class='ocrx_word' id='word_1_321' title='bbox 1123 4273 1300 4339; x_wconf 86' lang='lat' dir='ltr'>visceribus</span> <span class='ocrx_word' id='word_1_322' title='bbox 1324 4272 1398 4337; x_wconf 88' lang='lat' dir='ltr'>Iesu</span> <span class='ocrx_word' id='word_1_323' title='bbox 1420 4271 1539 4338; x_wconf 88' lang='lat' dir='ltr'>Christi</span> 
     </span>
     <span class='ocr_line' id='line_1_38' title="bbox 349 4378 1538 4465; baseline -0.005 -19"><span class='ocrx_word' id='word_1_324' title='bbox 349 4380 556 4446; x_wconf 88' lang='lat' dir='ltr'>obsecramus</span> <span class='ocrx_word' id='word_1_325' title='bbox 579 4379 798 4445; x_wconf 86' lang='lat' dir='ltr'>venerabilem</span> <span class='ocrx_word' id='word_1_326' title='bbox 820 4382 852 4444; x_wconf 92' lang='lat' dir='ltr'>in</span> <span class='ocrx_word' id='word_1_327' title='bbox 868 4379 993 4445; x_wconf 90' lang='lat' dir='ltr'>Christo</span> <span class='ocrx_word' id='word_1_328' title='bbox 1017 4392 1141 4465; x_wconf 87' lang='lat' dir='ltr'>patrem</span> <span class='ocrx_word' id='word_1_329' title='bbox 1161 4378 1255 4443; x_wconf 88' lang='lat' dir='ltr'>huius</span> <span class='ocrx_word' id='word_1_330' title='bbox 1270 4378 1453 4442; x_wconf 86' lang='lat' dir='ltr'>monasterii</span> <span class='ocrx_word' id='word_1_331' title='bbox 1467 4398 1538 4461; x_wconf 90' lang='lat' dir='ltr'>pre·</span> 
     </span>
     <span class='ocr_line' id='line_1_39' title="bbox 350 4482 1538 4573; baseline -0.005 -23"><span class='ocrx_word' id='word_1_332' title='bbox 350 4489 498 4573; x_wconf 88' lang='lat' dir='ltr'>positum,</span> <span class='ocrx_word' id='word_1_333' title='bbox 520 4507 631 4551; x_wconf 90' lang='lat' dir='ltr'>omnes</span> <span class='ocrx_word' id='word_1_334' title='bbox 655 4493 687 4549; x_wconf 94' lang='lat' dir='ltr'>et</span> <span class='ocrx_word' id='word_1_335' title='bbox 706 4484 846 4570; x_wconf 86' lang='lat' dir='ltr'>singulos</span> <span class='ocrx_word' id='word_1_336' title='bbox 868 4483 1011 4549; x_wconf 89' lang='lat' dir='ltr'>eiusdem</span> <span class='ocrx_word' id='word_1_337' title='bbox 1032 4485 1213 4548; x_wconf 85' lang='lat' dir='ltr'>monasterii</span> <span class='ocrx_word' id='word_1_338' title='bbox 1228 4482 1353 4565; x_wconf 89' lang='lat' dir='ltr'>fratres,</span> <span class='ocrx_word' id='word_1_339' title='bbox 1377 4490 1412 4545; x_wconf 90' lang='lat' dir='ltr'>ut</span> <span class='ocrx_word' id='word_1_340' title='bbox 1426 4501 1538 4545; x_wconf 90' lang='lat' dir='ltr'>secun·</span> 
     </span>
    </p>
   </div>
   <div class='ocr_carea' id='block_1_6' title="bbox 351 4707 1450 4779">
    <p class='ocr_par' dir='ltr' id='par_1_7' title="bbox 351 4707 1450 4779">
     <span class='ocr_line' id='line_1_40' title="bbox 351 4707 1450 4779; baseline -0.009 -12"><span class='ocrx_word' id='word_1_341' title='bbox 351 4711 430 4770; x_wconf 72' lang='lat'><strong>1737.</strong></span> <span class='ocrx_word' id='word_1_342' title='bbox 454 4716 467 4748; x_wconf 56' lang='grc' dir='ltr'><strong>Β</strong></span> <span class='ocrx_word' id='word_1_343' title='bbox 486 4713 549 4765; x_wconf 79' lang='lat' dir='ltr'>cod.</span> <span class='ocrx_word' id='word_1_344' title='bbox 570 4742 600 4751; x_wconf 92' lang='lat'>-</span> <span class='ocrx_word' id='word_1_345' title='bbox 620 4723 631 4748; x_wconf 78' lang='lat'><strong>⁰</strong></span> <span class='ocrx_word' id='word_1_346' title='bbox 648 4713 728 4779; x_wconf 80' lang='lat' dir='ltr'>Folgt</span> <span class='ocrx_word' id='word_1_347' title='bbox 745 4714 790 4763; x_wconf 89' lang='lat' dir='ltr'>ein</span> <span class='ocrx_word' id='word_1_348' title='bbox 808 4711 1010 4778; x_wconf 81' lang='lat' dir='ltr'>freigelsssener</span> <span class='ocrx_word' id='word_1_349' title='bbox 1028 4711 1115 4761; x_wconf 79' lang='lat' dir='ltr'>Raum</span> <span class='ocrx_word' id='word_1_350' title='bbox 1134 4725 1187 4760; x_wconf 85' lang='lat' dir='ltr'>von</span> <span class='ocrx_word' id='word_1_351' title='bbox 1205 4709 1258 4760; x_wconf 85' lang='lat' dir='ltr'>last</span> <span class='ocrx_word' id='word_1_352' title='bbox 1274 4710 1350 4759; x_wconf 85' lang='lat' dir='ltr'>einer</span> <span class='ocrx_word' id='word_1_353' title='bbox 1367 4707 1450 4758; x_wconf 81' lang='lat' dir='ltr'>Zeila.</span> 
     </span>
    </p>
   </div>
   <div class='ocr_carea' id='block_1_7' title="bbox 0 0 1709 5300">
    <p class='ocr_par' dir='ltr' id='par_1_8' title="bbox 0 0 1709 5300">
     <span class='ocr_line' id='line_1_41' title="bbox 0 0 1709 5300; baseline 0 0"><span class='ocrx_word' id='word_1_354' title='bbox 0 0 1709 5300; x_wconf 95' lang='lat' dir='ltr'> </span> 
     </span>
    </p>
   </div>
  </div>
 </body>
</html>
