3406 5300
1302 387 1364 451 347

217 578 320 648 2185.
889 538 972 644 raes
988 586 1162 661 September
1175 586 1224 652 14,
1241 587 1322 644 Rom.

172 763 297 847 Rupcrt
327 763 445 849 Spicql,
476 765 531 830 cer
560 764 749 850 Gdttweiycr
771 766 875 849 Aperit
905 787 949 830 aa
979 766 1035 831 der
1063 765 1238 832 rdrnmclrcn
1262 763 1367 846 Curia,

172 870 339 935 instruiert
362 869 427 935 Aac
449 869 595 936 Mattius
619 869 647 936 I.
670 890 731 935 con
754 870 908 954 Go’ttwcip
938 870 1014 936 tiber
1043 871 1103 936 dus
1130 892 1198 936 aaa
1220 891 1281 935 voa
1303 870 1368 934 itm

173 973 255 1039 ecclc
270 973 462 1058 Erlonpuap
485 976 540 1040 der
555 974 824 1042 Eccmtiooabullc
844 976 975 1058 sairdas
990 975 1072 1057 Stift
1088 977 1123 1040 io
1139 977 1208 1041 dcta
1223 975 1370 1041 Processc

243 1080 302 1144 mit
324 1080 393 1144 dcta
415 1078 564 1162 Bisclcosc
585 1101 645 1145 coa
668 1080 858 1146 Parauaea
880 1079 1104 1146 beobocltteade
1126 1079 1302 1145 Veritultcn.

280 1264 363 1332 Orig,
389 1266 455 1332 Pap.
491 1267 581 1332 Siegel
608 1281 663 1318 war
689 1268 717 1317 in
745 1268 848 1318 rothem
865 1266 980 1317 Wachse
1003 1267 1053 1317 aus
1072 1266 1119 1317 der
1140 1266 1286 1317 Rttclrseite
1309 1281 1369 1316 auur

175 1351 351 1404 Verschlusse
368 1352 557 1419 antgedrtlckt3
575 1353 659 1420 Copia
677 1356 706 1404 in
724 1354 787 1407 Cod.
801 1356 851 1405 894
871 1353 959 1421 (rothe
976 1370 1025 1415 nr,
1043 1350 1202 1422 untoliiert).

280 1474 406 1526 Adresse:
434 1475 580 1526 Reuerendo
594 1478 678 1540 patri,
697 1475 797 1527 marco
815 1476 914 1527 Mathia
931 1479 1018 1529 abbati
1034 1478 1183 1527 monasterii
1200 1478 1291 1527 motatio
1310 1474 1369 1527 Got-

175 1564 292 1612 rciccnsic
303 1561 404 1613 ardinio
414 1565 498 1614 coacti
510 1562 649 1626 Benedicti,
662 1563 825 1615 Parauaea
837 1562 950 1626 diooesu,
962 1562 1063 1615 domim
1074 1570 1097 1614 ct
1104 1565 1182 1628 patri
1192 1579 1238 1613 raro
1246 1564 1370 1629 procicm.

281 1735 436 1802 Animum
459 1746 519 1802 etc.
564 1737 760 1824 Recepimus
786 1737 968 1803 reverende
991 1748 1145 1825 paterae
1169 1737 1298 1805 domine
1321 1759 1371 1802 co

177 1839 364 1907 lendissime
392 1840 442 1908 die
465 1844 566 1907 tercia
588 1845 745 1930 presentis
768 1844 887 1907 mensis
908 1843 1009 1926 (Sept.
1027 1844 1063 1923 3)
1088 1843 1188 1909 frater
1209 1842 1371 1909 Iohannes

179 1954 212 2010 et
241 1968 301 2031 ego
323 1946 455 2012 Petrum
485 1949 684 2034 paternitatis
714 1970 745 2012 v.
768 1970 794 2012 r.
818 1949 994 2014 nanceium
1017 1947 1132 2014 harum
1155 1946 1371 2014 exhibitorum

179 2059 212 2115 et
244 2049 375 2132 litteras,
410 2050 528 2138 quibus
561 2051 777 2118 intelleximus
811 2054 934 2138 regiam
965 2056 1164 2119 maiestatem
1193 2052 1373 2117 Romanam

180 2154 345 2221 dominum
374 2154 679 2222 reverendissimum
708 2157 937 2223 Pataviensem
967 2179 1007 2223 ac
1035 2159 1261 2244 paternitatem
1291 2179 1322 2221 v.
1345 2179 1371 2221 r.

178 2260 213 2324 in
241 2269 401 2326 conventu
423 2263 606 2348 principum
628 2263 661 2326 in
684 2259 879 2347 Friburgam
901 2284 966 2327 non
989 2260 1204 2328 mediocribus
1226 2263 1374 2348 impensa

180 2374 213 2431 et
242 2368 367 2431 iactura
397 2366 567 2431 occasione
598 2364 859 2431 differenciarum
887 2368 1070 2433 intencione
1100 2365 1298 2432 reverendas
1321 2364 1374 2430 do

180 2472 377 2535 minaciones
407 2479 531 2535 vestras
562 2468 780 2535 concordandi
809 2472 985 2536 accersisse
1016 2480 1048 2535 et
1077 2469 1118 2536 ob
1140 2471 1283 2557 iniquam
1307 2492 1374 2535 ora·

180 2583 286 2641 torum
307 2574 425 2661 prefati
447 2573 706 2641 reverendissimi
722 2575 923 2641 Pataviensis
937 2577 1130 2663 peticionem
1145 2596 1237 2640 suam
1252 2576 1374 2660 regiam

181 2681 382 2746 maiestatem
412 2679 457 2745 nil
486 2679 671 2767 profecisse,
702 2679 761 2745 sed
790 2702 922 2746 causam
952 2679 1064 2746 ordine
1093 2680 1172 2746 iuris
1202 2677 1374 2744 decidendi

181 2783 451 2850 reverendissimo
467 2783 595 2851 domino
611 2795 719 2851 nostro
734 2784 975 2872 archiepiscopo
991 2783 1264 2872 Saltaeburgensi,
1280 2792 1376 2871 prout

182 2912 225 2954 ex
247 2891 348 2977 ipsius
370 2891 601 2956 commissionis
624 2892 717 2978 copia
738 2892 933 2977 accepimus,
957 2892 1163 2974 commisisse,
1187 2889 1274 2976 quod
1296 2887 1375 2955 iudi·

183 2997 268 3061 cium
291 2997 419 3063 omnino
440 2994 648 3061 refutandum
671 2997 731 3061 erit
751 3004 883 3082 propter
904 2996 1104 3081 paternitatis
1126 3017 1158 3060 v.
1175 3017 1200 3060 r.
1217 3003 1251 3063 et
1264 3016 1375 3059 mona·

183 3100 271 3166 sterii
302 3099 508 3166 Gotbicensis
538 3101 784 3186 exempcionem
814 3101 987 3165 novissime
1017 3097 1192 3184 obtentam,
1223 3098 1376 3186 quemad·

183 3203 315 3270 modum
348 3226 392 3270 ex
425 3204 672 3292 supplicacionis
706 3206 799 3291 copia
829 3213 861 3268 et
892 3205 1016 3269 minuta
1045 3202 1199 3289 originali,
1231 3225 1312 3290 quas
1342 3205 1375 3268 in

183 3311 425 3395 presenciarum
452 3311 616 3393 mittimus,
644 3311 783 3396 accipiet
805 3318 914 3374 vestra
937 3331 962 3374 r.
979 3331 1010 3395 p.
1055 3309 1099 3374 Et
1121 3318 1156 3373 ut
1178 3307 1302 3373 facilius
1324 3309 1376 3373 tri·

184 3411 302 3480 bunale
318 3413 579 3479 reverendissimi
596 3413 714 3479 domini
727 3412 1005 3500 Saltzeburgensis
1020 3422 1176 3499 tanquam
1190 3421 1376 3498 suspectum

185 3516 350 3584 declinare
372 3519 489 3602 valeat,
513 3518 648 3584 fecimus
670 3517 713 3584 ad
736 3519 927 3585 instanciam
949 3527 1056 3584 vestre
1071 3540 1097 3583 r.
1114 3540 1145 3605 p.
1162 3515 1376 3582 absolucionis

184 3644 205 3686 a
227 3626 372 3689 censuris
395 3626 552 3710 pretensis
576 3625 702 3710 copiam
724 3646 764 3689 ac
786 3623 939 3689 nullitatis
961 3624 1125 3689 sentencie
1147 3644 1207 3709 per
1228 3643 1377 3691 reveren·

186 3725 264 3793 dum
286 3737 421 3814 patrem,
445 3727 609 3795 dominum
624 3727 851 3794 Bernhardum
871 3730 1058 3815 episcopum
1073 3725 1293 3793 Libanensem
1308 3747 1377 3813 pro

185 3830 326 3920 mulgate
350 3855 424 3898 cum
445 3842 511 3898 toto
533 3835 661 3920 negotio
683 3833 873 3920 provinciali
892 3831 1074 3898 reverendo
1090 3841 1122 3896 et
1136 3829 1377 3897 venerabilibus

184 3935 341 4024 patribus,
365 3936 492 4004 domino
514 3936 626 4005 abbati
648 3938 816 4004 Melicensi
838 3960 877 4003 ac
902 3937 1025 4004 decano
1049 3947 1081 4002 et
1095 3935 1268 4002 Leonardo
1285 3934 1375 4002 Wul·

185 4042 263 4128 fing,
294 4045 448 4109 canonico
475 4042 611 4109 ecclesie
634 4044 838 4127 Viennensis,
871 4065 946 4108 cum
969 4041 1128 4108 clausula:
1153 4040 1289 4128 quodsi
1312 4062 1377 4105 nou

186 4168 297 4212 omnes
328 4159 400 4231 etc,
430 4149 592 4230 committi,
623 4157 719 4234 prout
739 4149 772 4213 in
795 4146 885 4213 bulla
906 4149 1066 4234 presentis
1088 4146 1197 4212 latoris
1219 4143 1379 4232 portanda

187 4254 403 4337 commissum,
434 4274 498 4340 qua
527 4255 558 4318 in
590 4255 766 4320 continenti
788 4251 1002 4319 conveniendi
1024 4260 1099 4318 snut
1120 4250 1243 4317 iudices
1266 4252 1298 4317 in
1322 4252 1379 4315 eis·

187 4355 262 4422 dem
296 4356 441 4444 deputati
474 4357 623 4425 hortandi
657 4360 753 4444 ipsos,
787 4359 850 4424 imo
880 4356 1066 4444 requirendi
1097 4378 1162 4441 eos,
1196 4367 1233 4421 ut
1264 4354 1379 4441 aliquis

186 4483 308 4547 eorum,
332 4484 428 4549 quem
451 4462 582 4529 duxerit
603 4461 798 4548 eligendum,
821 4485 902 4528 onus
924 4460 1107 4527 huiusmodi
1129 4468 1282 4544 assumat,
1306 4462 1379 4525 cita-

187 4569 314 4632 cionem
337 4576 448 4632 contra
470 4566 583 4633 ambos
604 4568 833 4634 Pataviensem
855 4577 888 4632 et
909 4565 1131 4632 Libanensem
1154 4568 1322 4652 episcopos
1337 4562 1378 4628 ad

188 4671 364 4738 videndum
386 4674 586 4758 paternitatis
610 4697 640 4739 v.
657 4697 682 4739 r.
705 4675 908 4760 capitaneum
932 4682 964 4736 et
987 4692 1195 4757 quoscunque
1218 4669 1296 4735 alios
1319 4669 1379 4732 dis·
