3406 5300
335 424 399 491 306

336 618 436 704 ipsius
460 616 579 682 domini
600 615 738 699 Alberti,
761 618 837 702 quia
859 617 936 681 emit
951 617 1113 701 excerptis
1129 614 1268 681 decretis
1284 624 1317 681 et
1331 619 1436 682 socius
1451 639 1530 682 suus

336 720 489 787 videlicet
511 721 658 786 dominus
675 719 803 786 Viricus
827 720 869 785 de
890 720 1080 786 Hellestorff
1099 722 1194 785 etiam
1218 723 1294 785 emit
1316 720 1397 786 duos
1419 721 1529 787 libros.

442 826 525 890 Item
558 824 600 889 sd
630 825 690 890 XI.
714 823 879 890 videlicet:
911 824 953 889 de
980 826 1187 890 concessione
1210 827 1352 911 quinque
1374 824 1531 891 librorum

337 929 504 1017 respondit
525 928 585 994 sibi
608 929 706 994 nichil
730 939 887 995 constare.

443 1035 527 1100 Item
547 1037 763 1121 interrogatus
786 1034 828 1098 de
850 1034 937 1098 fama
958 1033 1057 1099 nichil
1080 1033 1140 1099 sibi
1164 1043 1297 1099 constat.
1331 1035 1414 1099 Item
1436 1036 1531 1099 inter-

339 1149 470 1227 rogatus
501 1139 542 1203 de
572 1140 776 1205 mutuacione
803 1138 998 1205 florenorum
1021 1149 1053 1204 et
1075 1161 1260 1225 grossorum
1281 1137 1447 1226 respondit
1469 1139 1532 1204 sibi

339 1245 435 1310 nichil
467 1253 625 1328 constare,
655 1242 715 1308 scd
744 1243 868 1309 audivit
898 1267 918 1309 a
945 1243 1074 1309 domino
1096 1243 1230 1310 Nicolao
1262 1243 1322 1309 sibi
1350 1243 1452 1311 dictos
1474 1243 1533 1309 flo-

338 1371 434 1415 renos
457 1359 690 1434 comprestasse
713 1358 746 1413 et
768 1350 871 1414 eciam
893 1370 1030 1434 grossos.

444 1453 526 1519 Item
558 1454 782 1537 interrogatus,
817 1455 869 1517 cui
897 1453 970 1540 plus
1000 1454 1120 1538 faveat,
1150 1451 1317 1539 respondit
1349 1452 1533 1518 huiusmodi

340 1560 499 1625 iusticiam
525 1557 584 1622 sed
612 1557 684 1643 plus
715 1556 844 1623 domiuo
867 1557 1001 1624 Nicolao
1030 1560 1175 1644 promisit
1202 1557 1269 1623 fide
1297 1556 1382 1642 data,
1410 1568 1533 1623 utnon

341 1663 418 1729 velit
444 1662 599 1728 revelare.
646 1662 729 1727 Item
752 1661 866 1728 eodem
890 1662 942 1727 die
966 1673 1027 1728 etc.
1051 1674 1088 1728 ut
1109 1685 1208 1750 supra
1232 1661 1380 1728 dominus
1403 1661 1534 1728 Ulrious

343 1766 476 1834 Andree
499 1767 541 1832 de
564 1766 760 1851 Hellestorff‚
784 1767 957 1855 presbyter
978 1768 1180 1834 Pataviensis
1203 1767 1351 1851 diocesis,
1374 1769 1464 1832 testis
1487 1789 1535 1832 se·

343 1872 490 1939 cundusl
520 1874 643 1937 iuratus
675 1881 706 1937 et
736 1874 950 1958 interrogatus
980 1872 1024 1937 ad
1054 1875 1192 1958 primum
1222 1871 1392 1938 articulum
1420 1870 1535 1956 credit,

344 1979 419 2065 quia
441 1976 590 2042 dominus
612 1977 728 2042 Petrus
751 1977 884 2064 Longus
908 1977 1027 2043 direxit
1050 1978 1112 2042 sibi
1134 2000 1232 2043 unam
1254 1977 1392 2042 litteram
1414 1978 1446 2042 in
1462 1975 1536 2042 Lae

343 2105 441 2168 super
469 2084 662 2167 recepcione
693 2084 864 2147 societatis.
909 2082 964 2148 Ad
995 2081 1174 2148 secundum
1205 2081 1309 2148 credit
1329 2080 1537 2146 laudabiliter

344 2198 376 2252 et
402 2186 536 2252 honeste
565 2208 639 2250 eum
661 2188 783 2251 vixisse
806 2186 924 2251 abhinc
946 2209 1050 2274 usque
1073 2187 1117 2253 ad
1138 2210 1238 2253 unum
1261 2208 1382 2251 annum
1405 2188 1537 2272 preteri-

344 2302 421 2357 tum.
449 2290 503 2356 Ad
526 2292 661 2356 tercium
685 2290 857 2357 articulum
878 2291 1043 2357 videlicet:
1068 2291 1155 2378 quod
1177 2294 1278 2356 vitam
1293 2291 1388 2355 duxit
1402 2300 1537 2375 castam,

345 2396 423 2462 dicit
445 2395 543 2461 nichil
565 2417 601 2460 se
623 2394 742 2460 vidisse
765 2418 786 2461 a
808 2395 936 2461 domiuo
959 2396 1102 2461 Nicolao.
1135 2397 1218 2462 Item
1241 2395 1284 2461 ad
1307 2405 1470 2482 quartum:
1494 2394 1538 2459 de

345 2501 526 2583 licenciatu,
558 2498 635 2566 dicit
665 2522 700 2565 se
722 2522 786 2566 non
808 2500 1000 2584 iuterfirisse,
1024 2500 1083 2566 sed
1105 2501 1230 2566 audivit
1251 2499 1294 2566 ab
1315 2502 1385 2586 ipso
1408 2499 1538 2565 domino

346 2605 488 2688 Nicolao,
517 2604 603 2692 quod
627 2614 712 2670 esset
733 2604 934 2686 licenciatus,
959 2607 1121 2692 quianon
1144 2606 1203 2671 fuit
1224 2608 1256 2671 in
1281 2605 1355 2671 dote
1378 2614 1476 2670 etex
1499 2625 1539 2668 eo

346 2713 416 2794 scit,
447 2710 534 2797 quod
560 2709 621 2775 fuit
646 2711 734 2774 circu
755 2709 874 2775 festum
896 2712 998 2776 sancti
1021 2709 1123 2776 Uhici
1145 2710 1342 2776 licenciatus.
1388 2710 1471 2775 Item
1493 2707 1540 2774 ad

346 2817 506 2902 quintum:
537 2814 625 2901 quod
655 2813 777 2879 habere
806 2817 910 2901 potuit
941 2814 1147 2881 denariorum
1169 2816 1417 2881 Wiennensium
1439 2813 1540 2879 libras

346 2919 439 3002 XVI,
470 2917 557 3002 dicit,
588 2916 675 3005 quod
702 2921 806 3005 potuit
835 2918 919 2984 bene
951 2919 1103 2984 habuisse
1133 2919 1266 3005 aliquas,
1299 2920 1358 2986 sed
1380 2940 1540 2985 summam

347 3027 484 3110 ignorat.
527 3023 611 3089 Item
640 3021 683 3088 ad
711 3032 840 3089 sextum
862 3022 1028 3090 videlicet:
1056 3024 1143 3111 quod
1165 3023 1252 3090 idem
1276 3024 1424 3090 dominus
1445 3024 1541 3088 Nico

346 3127 416 3194 laus
435 3130 664 3215 premissorum
678 3130 847 3193 occasione
861 3129 895 3193 in
911 3130 1063 3214 expensis
1078 3127 1229 3193 videlicet
1244 3128 1277 3193 X
1292 3127 1402 3212 libras,
1426 3127 1539 3194 credit

346 3233 429 3299 Item
453 3232 494 3297 de
516 3233 604 3297 fama
626 3230 738 3296 credit.
783 3231 867 3297 Item
889 3231 931 3297 ad
955 3235 1127 3319 septimum
1148 3232 1320 3298 articulum
1343 3231 1429 3317 dicit,
1452 3231 1542 3319 quod

347 3339 444 3405 fuerit
472 3337 567 3402 homo
595 3336 670 3402 boni
697 3338 833 3402 nominis
857 3348 930 3420 etc,
962 3337 1003 3403 de
1027 3340 1172 3404 castitas
1195 3336 1362 3424 respondit
1383 3359 1419 3402 se
1441 3336 1542 3402 nichil

348 3442 468 3509 vidisse
491 3452 524 3508 et
545 3439 658 3507 credit.
704 3441 788 3506 Item
810 3441 852 3507 ad
876 3452 1042 3508 octavum:
1070 3441 1157 3529 quod
1180 3442 1265 3507 malo
1287 3443 1401 3528 spiritu
1423 3440 1542 3508 ductus

349 3558 422 3632 etc,
446 3546 612 3633 respondit
634 3544 695 3610 sibi
718 3545 816 3611 nichil
840 3554 998 3631 constare,
1022 3546 1081 3612 sed
1105 3546 1192 3631 dicit,
1215 3546 1303 3634 qnod
1322 3545 1484 3613 audiverit
1498 3546 1542 3613 ab

349 3656 418 3739 ipso
433 3651 577 3735 Nicolao,
600 3652 760 3739 quomodo
783 3651 942 3737 plebanus
966 3653 1051 3719 misit
1066 3652 1146 3718 duos
1161 3652 1297 3719 famulos
1312 3660 1388 3718 aute
1403 3651 1542 3718 hostium

350 3779 479 3823 camere
509 3779 567 3822 sue
596 3779 733 3844 querere
764 3779 862 3823 unam
891 3757 1070 3841 mulierem,
1102 3757 1160 3822 sed
1191 3756 1311 3822 nullam
1338 3759 1542 3824 invenerunt

350 3860 404 3927 Ad
427 3883 547 3927 nonum
570 3861 755 3927 articulum:
780 3860 821 3926 de
845 3864 930 3928 omni
953 3864 1174 3945 revooacione,
1199 3860 1311 3927 credit.
1342 3861 1424 3927 Item
1447 3863 1544 3927 iuter·

350 3976 481 4053 rogatus
504 3965 546 4031 de
568 3967 656 4032 fama
678 3965 789 4032 credit.
819 3967 902 4032 Item
924 3969 1138 4052 interrogatus
1161 3966 1202 4032 dc
1217 3975 1407 4032 testamento
1422 3966 1545 4032 domini

350 4070 478 4137 Alberti
500 4070 665 4158 respondit
687 4070 749 4137 sibi
770 4070 870 4137 nichil
893 4081 1049 4155 constare,
1074 4071 1132 4137 sed
1155 4071 1257 4138 credit
1279 4094 1322 4136 ex
1344 4070 1448 4137 relatu
1470 4071 1544 4137 alio

351 4198 432 4241 rum.
477 4175 559 4241 Item
589 4177 802 4263 interrogatus
829 4175 969 4243 derata
996 4176 1148 4242 videlicet
1169 4179 1312 4264 quinque
1333 4175 1423 4241 libris
1446 4175 1544 4242 dena

351 4282 471 4345 riorum
504 4279 673 4347 Nicolaum
711 4292 927 4347 concernente
960 4281 1126 4368 respondit
1158 4282 1220 4346 sibi
1253 4281 1350 4346 nichil
1385 4290 1543 4347 constare.

352 4383 435 4449 Item
463 4386 655 4471 iterrogatus
685 4385 726 4450 de
756 4387 844 4452 fama
866 4386 1033 4472 respondit
1055 4386 1152 4451 nichil
1174 4386 1235 4451 sibi
1259 4394 1415 4451 constare.
1461 4385 1545 4451 Item

352 4491 567 4576 interrogatus
605 4489 646 4555 de
683 4493 887 4557 mutuaoione
924 4492 1155 4576 peccuniarum
1189 4500 1249 4557 etc.
1284 4489 1451 4579 respondit
1484 4490 1546 4555 sibi

353 4716 434 4772 2141.
459 4718 540 4768 bum
558 4717 653 4769 Raude
671 4717 876 4785 nscbgetrsgen.
