3406 5300
324 419 389 485 330

324 620 449 677 tantum
478 612 656 696 effecimus,
687 613 774 699 quod
804 635 863 699 per
893 613 1056 680 dominum
1087 617 1275 702 episcopum
1308 613 1516 680 Senolinum⁸

325 715 436 781 abbati
460 716 594 781 Senensi
619 720 774 803 scriptum
798 728 899 783 estet
923 722 1042 784 seriose
1065 720 1263 803 mandatum,
1286 729 1322 785 ut
1344 742 1401 786 nos
1425 725 1514 784 certi-

324 821 401 885 ficet
423 820 464 886 de
486 823 545 886 isto
568 821 670 904 brevi,
695 831 727 887 et
749 825 775 887 si
797 822 876 887 illud
891 822 1093 907 habebimus,
1116 823 1199 890 bene
1216 823 1371 889 stabimus
1387 834 1518 910 propter

326 924 435 990 datum
467 925 612 991 eiusdem
642 925 760 1011 brevis,
791 930 867 1013 quia
897 931 1060 993 emanavit
1089 938 1164 994 ante
1193 938 1267 994 acta
1289 940 1321 993 et
1342 928 1430 993 facta
1452 930 1516 1015 epi-

326 1032 424 1116 scopi,
459 1033 512 1116 qui
546 1040 622 1095 tunc
652 1030 772 1099 nullam
803 1031 1054 1098 iurisdictionem
1084 1032 1196 1098 habuit
1225 1036 1256 1098 iu
1287 1033 1517 1099 monasterium

325 1145 480 1220 nostrum,
511 1138 586 1222 quia
614 1146 722 1202 vostra
745 1159 775 1223 p.
800 1159 864 1202 non
886 1137 979 1203 aliter
1002 1137 1186 1203 absolvetur
1208 1141 1268 1203 nisi
1291 1160 1350 1225 per
1372 1138 1516 1203 commis-

326 1243 448 1306 sionem
470 1240 512 1305 ad
534 1251 643 1327 partes
666 1251 699 1306 et
721 1244 747 1306 si
771 1241 812 1306 de
835 1264 919 1306 novo
942 1241 1062 1328 aliquid
1084 1242 1234 1308 fecissem
1253 1266 1293 1309 ac
1309 1241 1517 1328 laborassem,

326 1345 433 1410 forsan
465 1356 497 1410 et
526 1345 579 1410 ille
609 1346 712 1411 abbas
743 1348 905 1433 insperate
937 1349 1175 1433 supervenisset
1197 1370 1270 1413 cum
1294 1349 1391 1434 priori
1414 1346 1517 1430 brevi,

327 1460 461 1515 coactus
480 1449 613 1515 fuissem
636 1451 744 1516 facere
767 1450 930 1537 duplicem
953 1450 1157 1517 solucionem.
1203 1452 1320 1517 Nescio
1344 1461 1462 1536 tamen,
1491 1453 1518 1515 si

326 1557 499 1640 potuissem
521 1554 642 1640 aliquid
666 1555 806 1639 efficere,
830 1558 884 1641 qui
908 1567 1032 1641 oportet
1053 1555 1150 1621 valde
1174 1566 1267 1622 caute
1292 1579 1400 1642 agere,
1423 1566 1519 1643 prout

326 1668 435 1723 vestra
465 1681 496 1745 p.
521 1681 564 1723 ex
593 1658 752 1744 prioribus
782 1658 881 1724 literis
910 1662 989 1726 meis
1013 1663 1114 1746 potuit
1136 1660 1314 1747 intelligere
1337 1683 1463 1746 causus,
1486 1670 1518 1726 et

327 1764 387 1827 nisi
417 1773 509 1849 pater
537 1763 737 1828 reverendus
765 1762 867 1829 abbas
891 1763 1176 1851 Lucelbnrgensis,
1200 1767 1254 1850 qui
1277 1763 1362 1830 bene
1385 1766 1518 1829 meritus

328 1878 385 1951 est,
416 1889 550 1954 presens
581 1878 675 1952 esset,
705 1871 811 1951 timeo,
843 1869 928 1955 quod
951 1891 1003 1934 res
1026 1871 1058 1934 in
1081 1869 1213 1956 longum
1236 1868 1422 1934 differretur
1444 1890 1520 1934 cum

277 2047 279 2055 y
327 1972 427 2037 dubia
449 1973 661 2059 expedicione
684 1974 788 2039 saltim
811 1974 854 2039 ad
877 1983 990 2040 nutum
1012 1984 1166 2040 nostrum.
1203 1976 1296 2039 Deus
1319 1974 1374 2040 det
1396 1973 1519 2040 bonum

328 2079 440 2143 finem!
485 2078 585 2143 Plura
613 2088 723 2144 tamen
752 2090 861 2145 vestra
890 2103 921 2166 p.
946 2103 989 2145 ex
1018 2083 1144 2167 scriptis
1172 2079 1318 2146 eiusdem
1346 2078 1519 2146 reverendi

327 2185 428 2270 patris
457 2182 613 2270 intelliget
644 2193 675 2248 et
704 2194 779 2270 peto
806 2184 991 2269 humillime,
1016 2196 1174 2271 quatenus
1196 2194 1306 2250 vestra
1327 2207 1359 2270 p.
1384 2207 1448 2251 non
1471 2206 1519 2249 as·

328 2287 448 2353 scribat
471 2288 677 2374 negligencia
708 2312 789 2372 mee,
821 2292 896 2376 quia
925 2290 1068 2377 profecto
1100 2299 1231 2355 erraret.
1279 2288 1377 2370 Quod
1411 2299 1520 2354 sutem

327 2415 441 2458 verum
472 2394 520 2476 sit,
550 2415 608 2480 per
635 2392 765 2458 favores
788 2403 821 2458 et
842 2393 949 2459 media
972 2396 1116 2480 magistri
1139 2395 1267 2476 Briccii,
1291 2396 1345 2479 qui
1368 2395 1520 2478 magistro

327 2498 472 2584 Ruperto
506 2498 781 2562 coniunctissimus
812 2508 860 2563 est
890 2507 922 2563 et
943 2497 1109 2563 familiaris
1132 2497 1252 2563 domini
1267 2497 1430 2562 Valentini
1454 2518 1521 2561 car

328 2603 452 2685 dinalis,
480 2605 534 2687 qui
565 2602 607 2666 ab
638 2602 798 2687 aliquibus
830 2601 947 2667 dicitur
978 2625 1048 2667 esse
1071 2603 1154 2667 filius
1177 2624 1262 2689 pape
1285 2638 1328 2649 —
1350 2604 1469 2685 nescio,
1493 2604 1520 2666 si

328 2710 373 2772 ita
400 2718 449 2772 est
474 2728 537 2771 nec
560 2729 633 2771 mea
655 2709 789 2771 interest
810 2745 853 2753 —
875 2709 1046 2793 impetravi
1070 2707 1253 2773 beatissime
1275 2729 1334 2793 pro
1357 2715 1465 2771 vestra
1488 2728 1520 2792 p.

329 2822 361 2876 et
390 2810 518 2876 domino
552 2810 692 2876 Martino
723 2810 921 2896 Egenburge
953 2832 1027 2876 cnm
1060 2810 1236 2878 conthorali
1267 2833 1334 2875 sua.
1366 2810 1522 2876 Miseram

329 2918 433 2981 eciam
455 2915 637 3001 siguificare
661 2914 854 2983 Michaelem
870 2915 1009 2999 Welser,
1033 2918 1087 3002 qui
1110 2917 1217 2980 mein
1241 2918 1295 2981 ria
1317 2917 1431 3001 petivit
1446 2938 1522 2981 cum
1599 2960 1607 2975 .

329 3042 430 3086 uxore
461 3043 529 3103 sua,
553 3030 586 3084 et
609 3019 784 3104 Georgium
808 3019 963 3085 Gsthltler
986 3022 1099 3103 eciam,
1123 3022 1178 3107 qui
1201 3042 1312 3085 omnes
1336 3019 1432 3084 deleti
1454 3020 1522 3085 fue-

330 3136 413 3209 runt,
444 3127 519 3211 quia
548 3124 657 3212 plures
687 3125 740 3189 alii
771 3125 804 3190 in
831 3123 947 3190 eadem
968 3124 1059 3190 litera
1082 3127 1225 3190 annotati
1247 3124 1388 3209 fuerunt,
1412 3135 1445 3190 et
1466 3127 1522 3190 im-

330 3241 460 3317 petrans
491 3229 591 3294 deleri
621 3251 695 3294 suos
725 3229 835 3312 noluit,
863 3228 942 3294 alias
965 3229 1149 3314 singillatim
1172 3252 1230 3315 pro
1253 3238 1361 3294 vestra
1384 3252 1415 3316 p.
1440 3228 1522 3294 diffi-

330 3336 432 3401 culter
453 3337 688 3422 impetrassem,
712 3336 787 3419 quia
807 3333 1063 3421 supplicaciones
1079 3344 1114 3399 ut
1128 3336 1339 3399 communiter
1355 3337 1524 3419 signantur

331 3443 434 3505 eciam
464 3463 484 3504 a
514 3438 733 3505 cardinalibus
762 3440 797 3504 in
819 3441 989 3524 presencia
1011 3460 1105 3524 pape,
1129 3461 1265 3525 quorum
1288 3439 1386 3525 aliqui
1408 3438 1523 3505 adver-

331 3554 442 3609 santur
472 3556 614 3608 vestram
636 3566 667 3629 p.
715 3542 891 3608 Mississem
915 3545 1017 3608 eciam
1039 3542 1118 3608 illud
1142 3543 1325 3608 beatissime
1347 3553 1455 3609 vestre
1477 3566 1523 3630 p.,

332 3648 390 3714 sed
413 3651 488 3734 quia
509 3647 618 3734 plures
640 3658 675 3713 ut
698 3646 765 3711 dixi
789 3650 821 3711 in
844 3647 936 3713 litera
958 3649 1085 3732 signata
1107 3649 1320 3733 continentur,
1344 3669 1409 3713 non
1431 3651 1521 3735 potui

331 3762 397 3817 tam
428 3755 489 3818 cito
519 3751 641 3817 habere
672 3761 924 3838 transsumptum
954 3762 987 3817 et
1016 3751 1088 3816 dieo
1118 3761 1226 3817 vestre
1256 3775 1299 3839 p.,
1331 3754 1358 3816 si
1385 3754 1524 3819 misisset

331 3859 518 3945 magistrum
548 3856 725 3923 Iohannem
757 3866 788 3922 et
817 3857 869 3922 ille
900 3856 1088 3922 solicitasset
1117 3855 1296 3921 secundum
1319 3879 1414 3922 suum
1435 3859 1524 3944 inge-

331 3965 430 4046 nium,
462 3984 522 4049 ego
553 3962 624 4027 dico
653 3961 740 4027 bona
768 3961 845 4045 fide,
868 3961 955 4048 quod
977 3961 1056 4026 nihil
1079 3962 1248 4045 effecisset,
1271 3960 1331 4026 sed
1353 3963 1525 4048 episcopus

331 4070 500 4133 victoriam
529 4066 718 4132 obtinuisset
744 4076 776 4131 et
798 4068 955 4132 intentum
978 4088 1071 4132 suum
1094 4065 1136 4131 de
1157 4065 1339 4132 residencia
1361 4068 1393 4130 in
1416 4088 1524 4133 mona·

332 4173 427 4237 sterio
451 4171 670 4255 Gottwicensi,
693 4181 789 4258 prout
811 4172 949 4258 suspicio
972 4172 1041 4254 fuit,
1065 4181 1254 4257 prosecutus
1277 4171 1399 4237 fuisset.
1431 4170 1525 4236 Deus

333 4278 472 4341 avertat!
510 4276 600 4341 Alias
623 4275 721 4341 nichil
744 4274 850 4360 audio,
874 4274 960 4361 quod
984 4284 1033 4340 est
1057 4286 1168 4341 contra
1191 4285 1332 4341 vestram
1354 4298 1385 4361 p.
1402 4298 1439 4359 r.,
1462 4276 1525 4341 nisi

334 4380 420 4467 quod
441 4391 552 4446 vestra
573 4402 605 4467 p.
629 4383 830 4466 permaxime
847 4390 896 4445 est
910 4378 1109 4466 proclamata
1126 4381 1212 4445 circa
1228 4380 1392 4446 dominum
1407 4378 1524 4444 Lucel·

334 4486 539 4571 burgensem,
578 4489 633 4571 qui
670 4495 815 4550 reservat
853 4482 914 4548 sibi
952 4486 1173 4550 visitacionem
1206 4486 1305 4549 nostri
1340 4486 1525 4550 monasterii

334 4713 413 4768 2171.
438 4725 451 4750 ⁸
469 4716 524 4765 Fur
543 4714 772 4780 Senopolliensemt
