3406 5300
1304 383 1367 448 341

176 587 281 660 natur,
316 588 351 645 ut
382 577 423 643 de
457 588 585 644 caetero
619 579 654 644 in
688 599 786 643 causa
819 575 1003 642 huiusmodi
1032 561 1217 663 procedere
1238 575 1367 642 nollent.

175 682 305 750 Deinde
336 685 432 749 etiam
458 683 520 749 hoc
550 705 650 750 unum
679 684 762 748 inter
793 691 925 747 caetera
954 681 1061 767 audio,
1092 681 1179 768 quod
1209 680 1264 746 lite
1294 702 1369 767 pen·

178 787 275 854 dente
303 798 468 875 nequeant
497 810 628 854 causam
659 786 799 874 probare
829 789 862 852 in
893 789 983 852 curia
1005 787 1151 852 Romana
1181 808 1240 873 per
1262 807 1369 850 mona·

176 895 265 958 sterii
287 902 482 959 conventum
505 916 544 959 ae
566 892 644 959 alios
667 895 754 959 viros
774 891 840 957 fide
856 891 970 978 dignos
987 893 1079 978 quasi
1093 913 1152 978 per
1166 889 1370 956 adversarios

176 997 317 1084 quidem,
348 1008 443 1085 prout
471 998 649 1085 prudenter
678 995 914 1080 articularetur,
949 1018 1007 1062 nos
1037 996 1106 1061 fore
1141 993 1370 1082 dilapidatores

176 1101 334 1169 bonorum
356 1104 541 1169 monasterii
563 1126 602 1168 ac
625 1102 760 1169 aliorum
775 1104 895 1188 quippe
910 1100 1105 1186 flagitiorum
1120 1109 1369 1187 perpetratores,

176 1207 314 1293 qualiter
335 1206 422 1273 bona
443 1208 627 1273 monasterii
650 1206 730 1273 alias
752 1229 772 1270 a
794 1204 1080 1292 predecessoribus
1101 1227 1165 1271 non
1189 1203 1292 1270 solum
1314 1206 1370 1268 im·

175 1314 346 1398 pignorata
377 1311 619 1395 redemerimus,
654 1311 713 1377 sed
748 1312 845 1376 etiam
874 1309 936 1376 alia
966 1334 986 1375 a
1014 1311 1208 1376 monasterio
1239 1329 1370 1395 prorsus

175 1417 316 1483 alienata
336 1419 649 1503 recuperaverimus.
695 1416 780 1482 Nam
804 1418 830 1480 si
852 1415 886 1480 id
909 1438 968 1502 per
990 1415 1099 1482 literas
1121 1423 1269 1503 patentes
1292 1413 1370 1478 dicti

177 1531 357 1588 conventus
379 1546 419 1588 ae
442 1522 575 1589 aliorum
598 1523 742 1587 virorum
763 1521 829 1586 fide
853 1519 1034 1607 dignorum,
1056 1529 1152 1607 prout
1173 1519 1369 1605 aplerisque

177 1630 274 1694 etiam
300 1629 426 1715 optimis
455 1629 533 1693 viris
562 1627 605 1692 ad
636 1626 770 1693 dubium
800 1627 944 1709 vertitur,
975 1625 1115 1712 probare
1145 1627 1370 1712 potuissemus,

176 1732 275 1799 hasce
305 1734 450 1818 proxime
482 1732 691 1798 dominationi
713 1740 842 1797 vestrae
865 1753 939 1796 cum
960 1733 1123 1816 praesenti
1146 1730 1247 1795 latore
1269 1738 1370 1793 trans

177 1839 411 1904 mississemus·
441 1837 573 1904 litteras.
620 1835 687 1903 Sed
709 1835 771 1901 hoc
793 1834 880 1901 idem
903 1860 923 1901 a
945 1837 1022 1901 viris
1046 1836 1143 1901 etiam
1165 1836 1277 1922 peritis
1300 1855 1370 1920 per·

177 1946 321 2030 cipimus,
353 1942 441 2030 quod
470 1943 511 2010 ob
539 1941 702 2008 defectum
733 1940 915 2008 huiusmodi
942 1940 1167 2027 probationum
1189 1940 1301 2005 literae
1323 1960 1371 2004 re·

177 2047 370 2113 missoriales
400 2047 443 2112 ad
473 2057 583 2134 partes
615 2047 845 2129 detinerentur,
876 2069 918 2111 au
945 2055 1055 2112 autem
1081 2044 1239 2111 eiusmodi
1260 2043 1371 2108 literae

176 2154 210 2217 in
232 2155 337 2239 prima
358 2154 510 2218 instantia
533 2151 746 2236 detineantur,
770 2173 829 2218 nos
849 2150 935 2217 latet.
961 2149 1071 2232 Quare
1087 2148 1129 2215 de
1151 2149 1202 2214 his
1224 2147 1372 2213 omnibus

178 2267 211 2322 et
239 2257 374 2344 singulis
400 2259 595 2344 praemissis,
619 2256 737 2343 quibus
760 2256 968 2322 dominationi
990 2265 1119 2321 vestrae
1142 2254 1291 2340 superius
1313 2251 1372 2317 lar-

177 2363 250 2447 gius
273 2362 518 2447 explicavimus,
542 2365 569 2427 si
592 2384 677 2448 quae
705 2362 778 2445 sint,
801 2383 885 2448 quae
908 2382 1081 2446 personam
1102 2369 1245 2425 nostram
1270 2367 1302 2423 et
1323 2358 1373 2421 ius

178 2468 365 2533 monasterii
395 2466 542 2533 revelare
565 2475 749 2553 potuerunt,
780 2467 943 2552 praesenti
966 2488 1040 2531 cum
1062 2464 1170 2530 baiulo
1193 2484 1288 2549 quam
1312 2463 1374 2547 pri·

178 2594 268 2638 mum
289 2593 347 2638 nos
370 2571 497 2638 reddite
521 2573 683 2637 certiores.
720 2570 809 2637 Nihil
831 2580 919 2636 certe
942 2581 999 2654 est,
1024 2568 1112 2656 quod
1133 2590 1210 2656 pars
1233 2567 1373 2632 adversa

178 2676 350 2743 articulare
380 2687 497 2763 posset,
527 2678 618 2742 cuius
641 2678 837 2742 contrarium
858 2678 892 2741 in
915 2674 1062 2762 partibus
1084 2696 1143 2761 per
1165 2683 1263 2739 testes
1286 2672 1374 2737 sufli-

179 2785 301 2849 cientes
329 2805 395 2848 non
424 2781 677 2849 ostenderemus.
724 2781 821 2866 Casu,
852 2802 915 2868 quo
946 2780 1120 2846 dominatio
1144 2788 1252 2845 vestra
1275 2777 1373 2842 alium

176 2888 339 2953 inveniret
360 2885 491 2952 modum
514 2889 671 2952 ommissis
693 2886 805 2951 litteris
829 2884 1104 2969 remissorialibus,
1129 2906 1192 2971 quo
1215 2885 1373 2947 intentum

178 3003 325 3059 nostrum
345 3003 457 3058 contra
478 2990 682 3057 adversarios
704 2992 863 3056 instruere
887 3012 1052 3076 queamus,
1077 2989 1174 3053 etiam
1188 2986 1305 3053 lubens
1321 2982 1374 3051 ob·

179 3100 271 3185 sequi
302 3096 453 3163 conabor.
499 3098 536 3162 In
567 3098 702 3162 termino
733 3119 811 3161 vero
839 3095 1076 3180 comparitionis
1099 3094 1196 3180 agite,
1219 3101 1255 3157 ut
1277 3090 1374 3155 domi·

178 3205 342 3268 nationem
373 3210 517 3268 vestram
554 3222 770 3288 agnoscamus
807 3210 952 3266 nostrum
989 3199 1225 3265 accerrimum·
1263 3205 1375 3260 contra

178 3318 306 3395 partem
335 3307 507 3375 adversam
537 3307 606 3374 fore
638 3306 851 3390 defensorem,
883 3326 1012 3370 oramus
1044 3312 1077 3369 et
1106 3302 1314 3368 obsecramus
1344 3309 1377 3365 et

179 3412 339 3500 quidquid
360 3412 405 3478 ibi
427 3424 535 3479 actum
556 3412 663 3497 fuerit,
686 3411 779 3478 nobis
802 3409 947 3477 scribere
969 3431 1034 3475 non
1055 3409 1240 3496 postergite.
1273 3406 1374 3470 Pecu·

178 3520 277 3601 niam,
308 3520 335 3581 si
365 3515 564 3601 diligentiam
591 3517 744 3601 feceritis,
768 3540 789 3582 a
809 3515 903 3582 nobis
926 3535 1055 3600 semper
1077 3511 1248 3579 habebitis.
1292 3508 1376 3574 Reli-

181 3642 282 3709 quum
309 3632 366 3706 eet,
398 3619 486 3708 quod
508 3619 719 3687 vehementer
741 3621 895 3686 admirari
918 3618 1067 3702 solemus,
1092 3616 1179 3704 quod
1202 3615 1376 3681 dominatio

180 3736 290 3794 vestra
319 3725 398 3791 nihil
428 3724 549 3791 scribat
580 3725 621 3791 de
650 3726 700 3790 his
727 3727 882 3812 pecuniis,
912 3746 993 3811 quas
1016 3722 1225 3789 dominationi
1247 3729 1376 3785 vestrae

179 3832 461 3916 transmiserimus,
484 3831 517 3895 in
540 3852 620 3916 quos
642 3831 827 3895 monasterii
849 3850 926 3894 usus
950 3829 1146 3914 exposuerit.
1170 3825 1254 3893 (lum
1269 3833 1375 3889 autem

180 3937 251 4004 illas
279 3959 341 4003 nec
362 3939 396 4002 in
417 3938 513 4001 utam
534 3934 588 4001 vel
610 3933 707 4000 aliam
729 3936 913 4001 monasterii
936 3932 1103 4000 ulilitatem
1126 3931 1377 3996 dominationem

180 4052 323 4109 vestram
357 4043 545 4127 exposuisse
578 4039 795 4126 intelligimus,
828 4038 928 4103 multo
965 4047 1053 4103 certe
1086 4057 1147 4103 nos
1180 4035 1376 4101 difficiliores

179 4147 286 4215 facitis
316 4146 396 4212 alias
424 4146 468 4212 ad
497 4143 780 4211 transmittendum
811 4142 1019 4209 dominationi
1048 4151 1176 4208 vestrae
1209 4141 1376 4228 pecunias,

182 4275 258 4319 cum
280 4273 344 4317 uon
367 4252 495 4334 scimus,
519 4251 553 4314 in
575 4271 671 4336 quem
695 4249 879 4314 monasterii
901 4247 1042 4313 finctum
1056 4245 1182 4312 locatae
1198 4247 1270 4311 sint.
1294 4243 1377 4311 Scri·

181 4357 248 4424 bite
278 4356 449 4441 duntaxat,
479 4353 640 4441 quomodo
671 4363 704 4418 et
732 4353 870 4440 qualiter
899 4354 1045 4439 exposite
1077 4354 1149 4435 sint,
1171 4352 1311 4436 pecunia
1336 4348 1376 4412 de

182 4470 311 4528 caetero
334 4461 427 4527 vobis
449 4457 607 4526 mittenda
630 4478 796 4545 nunquam
820 4456 932 4522 deerit.
979 4455 1103 4537 Quodsi
1126 4454 1219 4520 nobis
1241 4476 1301 4540 per
1324 4452 1377 4517 do·

182 4688 268 4744 2182.
291 4700 304 4724 ⁵
321 4689 384 4741 God.
