3406 5300
331 445 395 538 340

330 639 528 724 suffraganei
550 637 750 703 Libariensis
780 636 859 702 alias
885 640 1034 724 nequiter
1055 648 1090 704 et
1112 638 1152 704 de
1175 639 1261 704 facto
1284 649 1395 706 contra
1417 663 1522 728 perso·

330 766 406 809 nam
437 751 579 808 nostram
609 740 708 807 latam
738 750 771 807 et
800 741 1036 829 promulgatam
1065 745 1098 808 in
1127 766 1281 830 processu
1312 766 1430 811 causae
1454 746 1524 811 fore

330 846 544 931 articulanda,
567 845 704 933 qualiter
726 846 832 912 dictus
850 845 1048 912 Libanensis
1070 869 1129 913 nos
1153 847 1281 915 citando
1303 849 1347 914 ad
1370 851 1525 937 oppidum

331 952 445 1019 Orems
475 951 519 1017 ad
542 961 646 1017 certos
670 950 756 1017 diem
778 951 945 1017 ethoram
969 962 1205 1039 competentem
1227 953 1269 1018 ad
1291 953 1471 1022 videndum
1493 965 1527 1022 et

331 1055 529 1122 audiendum
551 1057 766 1122 visitationem
788 1055 867 1121 alias
886 1078 945 1142 per
960 1054 1083 1122 dictum
1098 1060 1284 1145 episcopum
1298 1059 1527 1126 Pataviensem

333 1170 481 1247 coeptam
505 1162 747 1226 continuaverit.
793 1161 833 1226 In
856 1181 918 1247 quo
942 1160 1073 1247 quidem
1095 1161 1175 1247 loco,
1200 1185 1273 1228 cum
1295 1185 1353 1229 nos
1375 1186 1434 1250 per
1455 1186 1527 1253 pro

333 1276 498 1332 curatores
520 1274 645 1331 nostros
668 1265 711 1331 ad
733 1265 796 1330 hoc
818 1263 1007 1331 mandatum
1030 1265 1194 1331 sufficiens
1208 1267 1367 1333 habentes
1382 1268 1453 1335 aliis
1468 1291 1527 1358 pro

334 1380 411 1437 tunc
440 1369 619 1457 praepediti
649 1371 786 1455 negotiis
814 1371 1106 1455 comparuissemus
1128 1370 1188 1435 illis
1210 1373 1319 1458 itaque
1342 1395 1527 1460 comparen-

334 1475 420 1540 tibus
451 1474 555 1540 dictus
577 1473 776 1540 Libariensis
806 1472 961 1539 iudicium
991 1484 1149 1541 assertum
1178 1479 1326 1564 nequiter
1356 1486 1388 1543 et
1418 1478 1528 1545 dolose

335 1590 446 1647 contra
469 1602 526 1645 nos
549 1582 739 1645 instructum
763 1601 834 1645 esse
849 1579 975 1645 finitum
991 1579 1154 1668 allegabat
1169 1582 1393 1669 subiungendo
1408 1592 1528 1669 tamen,

335 1686 422 1773 quod
444 1695 669 1772 procuratores
692 1687 792 1750 nostri
815 1706 939 1750 summo
962 1707 1056 1750 manc
1078 1688 1195 1751 iterum
1218 1686 1261 1752 ad
1284 1710 1376 1753 suam
1398 1689 1529 1755 audien·

335 1794 413 1858 tiam
446 1813 634 1877 comparere
670 1788 836 1855 deberent.
881 1789 948 1859 Illis
982 1793 1101 1855 etenim
1134 1814 1259 1857 summo
1293 1815 1388 1858 mane
1424 1792 1532 1861 denuo

337 1895 598 1983 comparentibus
613 1895 842 1960 intellexerunt
865 1894 1005 1960 eundem
1027 1896 1269 1981 suffraganeum
1291 1921 1312 1962 a
1334 1896 1404 1963 loco
1426 1920 1533 1964 reces-

337 2004 417 2067 sisse
452 2010 484 2066 et
517 1998 682 2087 quandam
712 2009 917 2087 praetensam
946 2003 1139 2067 sententiam
1171 1999 1369 2067 definitivam
1399 2004 1432 2068 in
1462 2005 1532 2070 iure

336 2128 402 2171 non
424 2106 651 2171 subsistentem
674 2127 780 2191 neque
803 2106 940 2170 servatis
962 2107 1106 2170 terminis
1126 2104 1389 2172 substantialibus
1406 2105 1447 2171 de
1462 2108 1533 2173 iure

337 2210 506 2278 servandis
529 2220 641 2276 contra
663 2233 720 2276 nos
743 2210 872 2279 nulliter
895 2220 927 2275 et
950 2210 990 2275 de
1013 2211 1098 2276 facto
1121 2211 1358 2298 promulgatam
1379 2214 1414 2278 in
1428 2211 1532 2278 valvis

339 2317 496 2384 eeclesiae
526 2316 681 2400 affixisse,
712 2338 732 2381 a
762 2338 827 2402 qua
855 2314 985 2402 quidem
1009 2319 1166 2382 sententia
1189 2317 1356 2382 definitiva
1377 2326 1532 2405 tanquam

338 2424 450 2510 iniqua
473 2431 504 2486 st
526 2420 642 2486 frivola
664 2419 707 2486 ad
730 2420 843 2485 sedem
863 2420 1142 2506 metropolitanam
1156 2444 1216 2509 per
1231 2444 1288 2487 nos
1304 2424 1411 2487 extitit
1425 2423 1533 2509 appel·

337 2527 447 2592 latum.
494 2526 577 2591 Cum
607 2534 715 2591 autem
745 2534 915 2609 constaret,
947 2524 1034 2612 quod
1056 2525 1143 2591 idem
1164 2526 1428 2613 metropolitanus
1450 2527 1534 2593 foret

339 2631 432 2698 nobis
445 2633 713 2719 suspectissimus
738 2653 781 2696 ex
804 2652 853 2715 eo,
876 2629 963 2717 quod
983 2653 1059 2696 suus
1080 2640 1166 2696 esset
1181 2629 1444 2718 archiepiscopus
1460 2631 1534 2699 sibi·

339 2758 402 2823 que
433 2737 654 2820 amicissimus,
687 2757 730 2800 ex
759 2744 837 2802 tunc
867 2733 1005 2800 eandem
1032 2734 1279 2822 appellationem
1301 2735 1380 2801 inibi
1402 2738 1534 2803 minime

339 2842 491 2928 prosequi
521 2839 689 2923 voluimus,
722 2837 780 2904 sed
803 2861 937 2905 causam
959 2838 1141 2905 huiusmodi
1163 2862 1222 2926 per
1245 2842 1438 2926 rescriptum
1460 2862 1534 2928 apo-

340 2945 486 3011 stolicum
517 2947 548 3009 in
580 2944 727 3031 partibus
750 2945 949 3010 committere
971 2943 1177 3028 obtinuimus,
1201 2954 1296 3031 prout
1318 2944 1536 3011 dominatione

339 3059 468 3115 vestrae
491 3048 578 3114 clare
600 3050 779 3115 innotescit.
820 3047 908 3130 Quid
931 3057 1038 3113 autem
1062 3070 1171 3113 eoram
1192 3048 1242 3114 his
1264 3048 1426 3114 iudicibus
1449 3049 1535 3115 dele·

339 3156 423 3240 gatis
447 3163 555 3219 actum
578 3156 627 3239 sit,
651 3152 746 3240 paulo
769 3151 887 3219 elarius
911 3153 1161 3219 dominationem
1181 3162 1322 3219 vestram
1342 3153 1534 3222 informabo.

339 3262 418 3325 Post
444 3257 602 3324 dictarum
624 3258 787 3324 literarum
811 3257 1059 3345 apostolicarum
1081 3260 1337 3345 acceptationem
1359 3258 1458 3324 iidem
1481 3258 1536 3325 de·

340 3365 439 3450 legati
461 3363 678 3430 decreverunt
700 3362 742 3429 ad
765 3365 949 3428 instantiam
970 3374 1112 3428 nostram
1135 3365 1319 3429 citationem
1341 3364 1466 3450 absque
1489 3374 1534 3430 ta

341 3492 416 3535 men
450 3468 637 3534 inhibitione
671 3470 704 3533 in
740 3467 958 3554 spiritualibus
992 3477 1104 3533 eontra
1138 3471 1325 3533 nominatos.
1375 3467 1535 3535 (litatione

341 3574 546 3662 postmodum
579 3580 719 3638 executa
752 3572 946 3638 obtinuimus
980 3595 1045 3638 una
1074 3594 1149 3638 cum
1178 3574 1295 3638 nostris
1324 3571 1535 3641 familiaribus

342 3681 536 3745 heneficium
566 3677 771 3744 absolutionis
804 3676 847 3742 ad
878 3677 1038 3743 cautelam
1066 3699 1132 3743 non
1161 3676 1310 3743 obstante
1344 3680 1535 3764 exceptione

342 3786 442 3871 partis
472 3782 630 3849 adversae
660 3784 694 3848 in
724 3783 919 3848 contrarium
941 3780 1089 3869 allegata.
1135 3780 1193 3847 Illo
1216 3783 1300 3848 sicut
1320 3784 1537 3869 praemittitur

342 3889 473 3956 obtento
496 3911 572 3976 pars
594 3886 735 3953 adversa
758 3887 872 3953 obtulit
894 3897 1019 3952 secreto
1043 3886 1207 3974 quandam
1228 3886 1476 3974 appellationem
1491 3888 1535 3953 ad

342 3995 453 4061 sedem
484 3995 702 4080 apostolicam,
734 3995 786 4058 cui
817 3992 936 4058 domini
967 3991 1106 4078 delegati
1134 3991 1176 4057 ob
1205 3993 1422 4058 reverentiam
1448 3992 1536 4058 sedis

342 4098 536 4185 apostolicae
567 4098 758 4165 detulerunt.
805 4098 953 4163 Eandem
984 4106 1092 4162 tamen
1122 4118 1198 4183 pars
1232 4095 1372 4162 adversa
1404 4099 1536 4163 minime

342 4213 514 4291 prosecuta
543 4203 613 4288 fuit,
644 4206 720 4289 quia
750 4224 813 4268 non
843 4204 935 4289 petiit
964 4201 1122 4287 apostolos
1145 4201 1229 4267 infra
1251 4203 1424 4267 terminum
1446 4203 1534 4287 iuria,

343 4319 438 4395 prout
458 4310 572 4374 merito
594 4308 704 4374 faeere
727 4306 849 4391 debuit,
873 4328 951 4393 erga
973 4304 1112 4371 eandem
1132 4304 1308 4372 desertavit
1326 4316 1360 4372 et
1375 4306 1536 4393 quomodo

344 4413 497 4498 creditur,
527 4412 614 4500 quod
643 4436 687 4478 ex
717 4410 900 4478 huiusmodi
930 4411 1145 4477 desertatione
1167 4409 1389 4499 appellationis
1411 4409 1536 4477 iudices

343 4517 503 4606 praedicti
532 4520 648 4583 iterum
680 4517 804 4583 iudices
834 4538 905 4582 esse
937 4517 1101 4603 incipiant,
1132 4524 1240 4582 tamen
1267 4538 1325 4602 pro
1351 4538 1439 4581 nunc
1461 4524 1537 4581 sunt

343 4622 470 4689 inhibiti
499 4625 610 4708 vigore
639 4622 722 4688 illius
752 4623 909 4688 citationis
937 4621 1016 4687 alias
1038 4644 1096 4708 pro
1119 4631 1211 4708 parte
1234 4619 1392 4686 dictorum
1415 4622 1536 4707 episco-

343 4751 459 4819 porum
489 4750 547 4817 per
575 4727 724 4794 fraudem
755 4737 787 4794 et
816 4725 924 4793 dolum
954 4736 1110 4810 extortae,
1142 4748 1226 4813 quae
1257 4727 1377 4792 nemini
1399 4727 1535 4811 patroci-
